3250 4692
590 443 772 492 SABRINAE
791 443 967 492 COROLLA.

322 605 455 672 Conscia
468 608 624 674 laetantes
638 611 718 674 vidit
734 610 871 674 Sabrina
885 624 1036 690 catervas,

363 709 466 789 Vidit,
485 724 519 774 et
533 712 675 776 admissis
691 712 816 776 auctior
830 713 889 776 ivit
904 715 1006 798 aquia.

321 811 478 898 Tempore
493 837 557 877 non
572 815 635 878 alio
650 815 832 879 studiorum
847 816 949 879 oblita
962 817 1114 880 iuventus

361 915 429 978 Dat
444 915 564 980 calamo
578 939 690 1000 parvas
704 917 896 1002 ingenioque
910 941 1033 982 moras:

320 1016 484 1082 lustitium
499 1019 590 1082 labor
603 1020 672 1103 ipse
686 1019 779 1104 petit,
796 1019 971 1104 mirataque
986 1042 1137 1106 pompam

363 1121 561 1184 Consuetum
576 1121 705 1204 fugiens
721 1121 819 1184 Musa
831 1121 962 1207 reliqvit
976 1145 1068 1206 opus,

318 1222 407 1286 Dum
422 1233 563 1288 veterem
577 1223 715 1287 lustrans
730 1223 839 1287 Mater
853 1246 927 1288 cum
943 1224 1039 1288 Prole
1054 1225 1242 1310 palaestram

361 1326 518 1410 Prorogat
532 1337 646 1410 arguto
662 1335 807 1409 tempora
821 1326 903 1390 festa
918 1327 1025 1392 choro.

319 1428 348 1492 Ο
365 1439 414 1492 ter
427 1429 533 1493 fausta
546 1440 613 1507 tua,
630 1428 732 1512 Virgo
747 1428 897 1508 formosa,
914 1435 1048 1495 corona!

360 1533 390 1596 Ο
406 1543 455 1596 ter
469 1534 575 1598 fausta
590 1543 648 1596 tuo
664 1543 748 1596 terra
763 1532 919 1597 Britanna
933 1533 1029 1618 iugo!

318 1636 394 1700 Non
408 1635 521 1700 melior
536 1646 641 1700 totum
656 1635 746 1720 regni
761 1635 865 1700 tutela
878 1658 937 1720 per
952 1637 1073 1715 orbem,

361 1739 437 1803 Non
451 1741 534 1804 feret
547 1763 607 1803 arx
622 1749 754 1815 tantam,
772 1761 836 1801 non
851 1739 935 1803 feret
949 1740 1043 1818 ensis,
1060 1763 1164 1826 opem,

317 1841 422 1910 Quam
439 1843 580 1927 populus
595 1863 766 1926 regemque
781 1841 889 1904 colens
905 1853 939 1906 et
954 1842 1059 1907 cultus
1073 1843 1113 1906 ab
1128 1843 1195 1922 illo,

358 1947 522 2030 Frenaqve
536 1946 721 2008 frenantum
737 1944 851 2006 doetus
864 1966 971 2008 amore
983 1945 1062 2029 pati.

316 2048 465 2113 Concitet
480 2047 657 2130 Hesperios
671 2045 779 2110 audax
795 2046 951 2110 discordia
965 2048 1055 2125 lines,

357 2151 508 2236 Rixaqve
523 2159 681 2214 cessantes
696 2148 804 2212 mittat
819 2149 860 2212 ad
875 2172 961 2219 arma
976 2151 1077 2214 viros·

313 2254 471 2337 Frangere
485 2253 601 2317 seditio
614 2274 750 2337 regnum
767 2252 951 2316 Canadense
965 2254 1099 2332 laboret,

358 2356 509 2421 Iniiciens
522 2355 635 2419 rutilas
649 2366 761 2439 pectus
776 2355 810 2418 in
826 2378 919 2418 omne
934 2355 1036 2420 faces:

315 2459 405 2524 Haec
419 2457 515 2522 tellus
529 2479 641 2521 secura
654 2467 772 2534 manet,
789 2479 900 2520 secura
913 2458 1065 2536 manebit,

356 2563 396 2626 In
410 2561 517 2625 medio
532 2571 641 2624 cautes
655 2559 850 2624 inlabefacta
862 2560 960 2637 mari3

314 2666 473 2750 Maneqve
488 2665 668 2748 nigrantem
684 2664 824 2727 tenebris
837 2664 946 2747 iraqve
960 2664 1132 2748 procellam

357 2769 489 2833 Gratior
502 2767 681 2852 insequitur
696 2765 921 2850 candidiorqve
936 2766 1014 2831 dies.

312 2871 431 2954 Magne
446 2870 544 2934 Pater
558 2868 647 2945 caeli,
663 2890 771 2931 rerum
785 2890 933 2952 suprema
948 2867 1105 2947 Potestas,

355 2973 498 3038 Numine
513 2995 580 3036 sors
595 2993 708 3054 regum
723 2979 848 3055 statque
863 2971 1009 3055 caditque
1024 2981 1092 3036 tus.

312 3074 424 3158 Longa
437 3084 528 3158 regat
543 3073 687 3157 felixque
703 3081 793 3136 tuam
808 3072 955 3138 Victoria
967 3083 1109 3156 gentem,

355 3179 455 3256 Dum,
472 3177 533 3240 tibi
549 3198 629 3260 qvae
644 3185 736 3259 grata
750 3183 809 3252 est,
825 3165 890 3239 non
905 3175 999 3237 timet
1012 3173 1060 3238 ire
1074 3176 1176 3254 viam;

311 3281 388 3346 Vim
403 3290 460 3343 tua
474 3279 530 3342 det
544 3299 669 3362 semper
684 3277 826 3361 trepidae
840 3277 1020 3361 praesentia
1034 3281 1145 3359 menti,

355 3383 464 3466 Teque
479 3381 573 3446 adeat
587 3380 653 3443 fido
668 3379 752 3442 laeta
768 3378 918 3444 dolensve
933 3379 1016 3444 sinu.

312 3486 398 3554 Qvid
411 3485 548 3568 loqvor?
592 3481 621 3545 Ο
637 3494 752 3559 careat,
770 3491 924 3565 qvantum
938 3480 1024 3559 licet,
1041 3482 1097 3545 illa
1111 3483 1230 3560 dolore,

354 3588 383 3653 0
398 3589 505 3651 videat
518 3585 661 3670 placidos
676 3594 709 3647 et
723 3585 791 3648 sine
805 3585 893 3647 nube
908 3584 986 3648 dies.

311 3691 411 3756 Laeta
424 3691 466 3754 sit
479 3690 514 3752 in
527 3710 685 3774 praesens,
702 3688 757 3751 sed
771 3709 837 3750 non
851 3687 981 3750 incauta
994 3687 1097 3750 futuri
1109 3713 1117 3764 3

352 3794 442 3857 Dum
456 3791 576 3855 fruitur
590 3789 666 3867 vita,
682 3789 724 3852 sit
739 3811 863 3873 qvoqve
879 3790 974 3853 docta
987 3789 1079 3853 mori.

311 3896 373 3976 Sic,
389 3896 447 3960 ubi
461 3893 627 3958 mortalem
643 3894 783 3976 deponet
796 3893 902 3956 fronte
917 3891 1078 3969 corollam,

353 4000 469 4083 Cinget
483 3999 675 4062 honoratum
690 3996 742 4059 dia
757 4017 873 4060 corona
887 4007 993 4079 caput.

1083 4097 1116 4153 E.
1133 4093 1161 4151 S.
1176 4093 1207 4148 F.
