3250 4692
581 452 764 504 SABRINAE
782 452 958 504 COROLLA.
1240 450 1272 504 27

671 774 878 849 Caledonia.

311 974 412 1052 Dura,
430 982 597 1059 poetarum
612 971 726 1036 nutrix
742 972 927 1056 aptissums,
943 970 1050 1050 tellus,

354 1076 459 1143 Qvam
473 1097 587 1139 nemus
602 1084 635 1137 et
647 1074 749 1138 rubea
762 1074 955 1138 restiterim
970 1096 1081 1151 coma;

313 1179 422 1243 Scotia
437 1178 591 1242 caeruleis
606 1176 744 1241 Acheloi
758 1177 845 1242 laeta
858 1176 999 1255 fluentis,

354 1280 455 1344 loeta
464 1280 574 1365 jugis3
596 1279 745 1365 patribus
761 1278 870 1343 Scotia
885 1302 958 1343 earo
973 1280 1071 1358 meis;

312 1382 403 1449 Qvae
418 1404 532 1445 manus
546 1380 668 1445 aeterni
681 1380 738 1466 pia
752 1380 880 1445 vinculo
893 1391 1022 1465 rumpat
1036 1380 1163 1458 amoris,

355 1484 402 1548 Et
415 1507 572 1548 memores
588 1506 661 1547 orae
675 1506 735 1547 nos
748 1493 838 1547 vetet
852 1506 920 1546 esse
935 1484 1035 1546 tuse?

311 1586 445 1670 Singula
459 1609 517 1673 per
530 1597 625 1649 notos
640 1586 718 1650 dum
732 1607 808 1649 rura
822 1584 990 1649 revisimus
1002 1608 1105 1669 agros,

354 1688 402 1753 Et
415 1711 495 1773 qvae
509 1699 596 1765 sunt,
612 1688 730 1767 animo,
747 1709 889 1772 qvasqve
903 1686 1004 1764 fuere,
1020 1708 1145 1772 sequor,

312 1789 472 1855 Omnibus
487 1790 609 1853 amissis
624 1800 680 1853 tuo
693 1789 757 1853 iam
771 1788 925 1853 lenimina
939 1789 1033 1852 nobis

354 1891 400 1955 Et
414 1913 545 1956 nemora
560 1902 593 1954 et
606 1913 707 1975 purae
722 1890 789 1955 solo
802 1891 955 1955 videntur
968 1912 1077 1975 aque.

311 1994 453 2059 Tantum
468 1994 581 2058 crescit
596 2016 684 2058 amor
698 2004 853 2079 qvantum
867 1994 1044 2058 infortunia
1058 2004 1223 2072 creseunt3

355 2096 444 2160 Hinc
458 2096 558 2180 magis
572 2096 629 2160 illa
643 2096 750 2160 animo
766 2119 838 2161 cara
851 2096 1013 2181 magisqve
1028 2119 1111 2163 meo.

312 2198 385 2284 Ipse
402 2198 562 2283 equidem,
577 2220 672 2263 nemo
687 2198 714 2261 si
728 2198 873 2263 membra
886 2197 999 2262 senilia
1014 2199 1121 2278 ducat,

217 2286 221 2293 ⁵
354 2300 410 2364 Ad
423 2322 511 2364 sacro
525 2299 700 2365 Varroviae
715 2300 851 2365 flumina
864 2299 951 2363 solus
965 2323 1035 2364 eam
1048 2326 1057 2378 ς

314 2402 424 2468 Notus
439 2414 473 2467 et
486 2403 633 2467 Ettriciis
647 2403 755 2467 veniat
768 2404 865 2467 modo
879 2413 995 2467 ventus
1009 2403 1050 2467 ab
1065 2404 1158 2481 arviS,

356 2506 459 2570 Arida
473 2504 614 2570 brumali
630 2516 751 2569 torreat
764 2528 820 2570 ora
833 2504 928 2590 gelu3
983 2588 987 2594 p

312 2607 359 2671 Et
371 2630 473 2693 prope
489 2607 634 2685 dilectos,
652 2607 816 2671 Teviotica
832 2629 920 2685 saxa,
935 2628 1078 2670 recessus

356 2708 387 2773 0
402 2708 498 2773 liceat
513 2708 616 2773 solum
633 2709 816 2795 deposuisse
831 2722 940 2794 caput,

311 2811 511 2895 Qvamqvam
525 2811 606 2874 vatis
621 2822 717 2874 eruut
732 2822 861 2876 aeterna
876 2810 1005 2890 oblivia,
1022 2832 1209 2895 qvamqvam

356 2912 499 2977 Ultimus
512 2912 635 2977 aerium
650 2914 782 2999 spiritus
795 2914 858 2977 ibit
871 2912 934 2977 iter
948 2915 956 2978 !

1125 3015 1163 3072 H.
1179 3016 1213 3074 Τ.

637 3162 907 3174 ——..

686 3360 848 3453 Αῗννγμα.

312 3562 378 3643 Τῆς
393 3558 522 3649 Τέχνης
536 3558 666 3647 βρέφος
682 3557 759 3642 εἶμί,
778 3557 880 3631 Φύσις
895 3558 931 3625 δέ
945 3586 988 3644 με
1002 3559 1134 3643 ηείνοτο
1148 3565 1267 3652 μήτηρ·

352 3666 487 3745 μᾶλλον
499 3660 565 3743 ἐγὼ
580 3659 697 3747 passo
711 3664 847 3744 μᾶλλον
860 3662 985 3742 ἀληθὲς
1001 3662 1063 3730 ἐόν·

313 3765 351 3830 οὐ
364 3763 442 3845 βίον
458 3762 590 3831 ἐκτείνω
607 3764 747 3846 θνητοῖς,
764 3764 906 3833 θάνατον
921 3764 949 3831 δ’
965 3765 1132 3852 ἁπερύκω,

355 3868 411 3934 καὶ
426 3866 465 3933 τό
481 3865 515 3951 μ’
531 3866 616 3951 ἄγον
627 3872 731 3955 νγῆρας
747 3867 846 3951 θῆκεν
860 3868 945 3951 ὢνιον
960 3868 1084 3956 νεαρόν.

1078 4007 1117 4064 Η.
1131 4006 1159 4065 J.
1173 4007 1213 4065 Η.
