3250 4692
565 446 748 496 SABRINAE
766 446 943 497 COROLLA.

509 615 591 680 Mile
607 627 639 680 te
653 640 747 702 prece
761 627 892 702 pectora

510 719 738 806 Submissoqve
753 721 860 785 colant
873 744 969 806 genu,

509 820 615 886 Nemo
631 833 748 908 qvanto
763 847 833 908 ego,
850 847 944 888 nemo
959 837 992 889 te

518 935 521 940 '
551 925 768 1010 Proseqvetur
781 949 899 991 amore.

663 1213 848 1225 ’,ἢ

596 1443 773 1543 Jephtaae
793 1444 898 1520 Filia.

248 1646 353 1714 Qvom
367 1649 482 1734 patria,
500 1647 529 1712 O
544 1648 681 1732 genitor,
699 1671 794 1733 qvom
807 1647 952 1733 postulet
966 1649 1034 1735 ipse
1048 1649 1070 1712 J
1070 1649 1171 1714 ehova

289 1752 409 1837 Tingat
422 1761 461 1816 ut
475 1751 594 1816 Isacios
607 1761 681 1815 nata
696 1773 807 1815 eruore
822 1751 928 1830 f0c0s;

247 1856 354 1924 Qvom
367 1856 469 1921 fuerit
482 1855 559 1920 clari
573 1866 684 1919 votum
699 1854 760 1917 tibi
776 1876 887 1932 caussa
901 1855 1069 1940 triumphi,

289 1959 427 2024 Percute
441 1959 599 2022 nudatum
613 1956 687 2036 iam,
703 1969 806 2043 pater,
824 1981 899 2022 ense
913 1958 1031 2024 sinum.

247 2060 360 2125 Tristis
374 2061 406 2124 io
421 2071 547 2125 nostrae
562 2082 626 2124 vox
642 2072 691 2124 est
703 2059 796 2124 finita
810 2060 974 2144 qverelae3

287 2163 357 2228 Vos
369 2163 466 2248 patrii
481 2163 610 2227 tandem
625 2184 703 2226 saxa
716 2162 820 2226 valete
835 2162 905 2228 soli.

246 2265 282 2329 Si
295 2265 376 2329 mihi
391 2287 462 2330 cara
475 2264 560 2329 feret
573 2286 760 2348 generosam
775 2264 909 2329 dextera
921 2277 1069 2345 mortem,

288 2368 376 2436 Qvid
389 2368 481 2432 nimii
495 2367 613 2432 vulnus
627 2366 691 2432 tale
706 2367 825 2431 doloris
838 2366 959 2434 habet?

244 2471 317 2537 Hoc
332 2459 393 2534 tibi
408 2493 467 2555 pro
482 2480 569 2534 certo
584 2470 696 2534 stetin
710 2469 775 2534 ima
789 2482 898 2535 mente
912 2483 1095 2558 repostum:

288 2577 385 2644 Qvod
398 2575 478 2639 mihi
493 2586 559 2640 tam
572 2597 675 2660 purus
690 2597 822 2659 corpore
837 2577 962 2661 sangvis
975 2578 1070 2656 inest,

243 2678 349 2745 Qvam
362 2700 462 2756 mens,
478 2677 513 2741 in
527 2676 594 2741 leto
609 2699 689 2762 qvae
704 2700 756 2741 me
771 2677 904 2756 solatur,
922 2689 956 2742 et
969 2679 1051 2744 istae

287 2782 374 2849 Qvas
388 2780 502 2865 loqvor
516 2789 676 2843 extremas
689 2780 753 2843 iam
767 2780 924 2845 moritura
937 2805 1057 2866 preces.

243 2884 331 2968 Ergo
345 2883 400 2947 alii
414 2905 473 2967 pro
487 2905 539 2946 me
553 2881 704 2966 lugubria
718 2883 858 2946 carmina
870 2883 1019 2964 fundant,

286 2987 435 3052 Carmina
448 2985 597 3070 virgineis
611 2985 837 3070 ingeminanda
851 2985 973 3052 choris:

243 3090 305 3168 Tu,
321 3100 423 3176 pater,
439 3087 591 3152 immotus
605 3087 707 3152 iudex
721 3087 877 3173 herosqve
891 3100 1038 3167 manet03

286 3192 363 3256 Non
378 3214 438 3276 ego
452 3212 523 3255 sum
536 3189 686 3253 lacrumis
700 3189 919 3254 dedecoranda
931 3191 1005 3268 tuis,

242 3295 306 3359 Per
321 3316 414 3379 qvam
429 3291 513 3356 clara
528 3301 600 3355 tuas
614 3301 706 3356 omat
719 3290 853 3356 victoria
867 3300 997 3371 turmas,

285 3395 417 3480 Frangit
431 3404 465 3458 et
477 3393 646 3477 indiguum
661 3403 746 3457 terra
759 3402 893 3479 patema
905 3392 1029 3478 iugum.

242 3500 349 3567 Qvom
363 3498 462 3560 vitam
477 3495 656 3572 abstuleris,
673 3518 766 3580 qvam
781 3507 830 3574 tu,
845 3506 947 3581 pater,
964 3496 1034 3581 ipse
1049 3495 1175 3576 dedisti,

285 3601 331 3665 Et
344 3622 416 3664 mea
429 3599 490 3663 sub
504 3596 611 3681 gelida
624 3597 732 3682 lingva
747 3598 868 3662 tacebit
881 3597 1000 3677 hum03

242 3703 345 3781 Tune,
362 3702 451 3779 cedo,
468 3723 542 3765 cum
556 3701 643 3765 i'astu
656 3710 800 3765 nostrum
814 3701 1017 3766 reminiscere
1030 3699 1144 3781 fatum,

284 3802 382 3868 Dicar
397 3813 430 3868 et
443 3803 580 3868 interitu
593 3802 679 3867 laeta
692 3802 791 3866 fuisse
806 3826 889 3867 meo.

1053 3905 1090 3964 G.
1103 3905 1132 3964 J.
1145 3901 1184 3961 K

733 4019 756 4063 H
