3250 4692
566 438 751 488 SABRINAE
768 438 943 489 COROLLA.
1212 440 1259 489 319

507 668 570 741 Ex
589 664 796 741 Proverbiis
812 666 888 740 xix.
910 675 1006 739 l-IQ.

337 817 481 905 Ἔχουσι
496 818 625 895 πλεῖον,
642 814 736 884 όστις
752 814 797 880 ὢν
811 814 912 895 πένης
927 814 1008 901 ἀνὴρ

340 925 446 1009 χωρεῖ
460 918 501 984 δι’
517 918 720 999 ἁπλότητος,
737 918 756 998 ἢ
773 915 977 1005 διάστροφον

339 1025 501 1107 γλῶσσαν
516 1021 621 1104 νέμων
635 1046 686 1091 τις
698 1022 807 1106 μῶρος
823 1020 861 1085 έκ
874 1021 987 1106 μώμου
1002 1022 1129 1107 φρενός.

340 1125 406 1193 οὐδΙ
421 1125 594 1209 ἀξυνήμων
608 1124 694 1190 οὖσα
709 1122 796 1210 φρὴν
811 1127 923 1194 καλῶς
940 1123 1022 1212 έχει·

342 1230 525 1317 ἁμαρτάνει
541 1228 569 1293 δ’
585 1227 603 1292 ό
619 1224 788 1311 τιθέμενος
804 1225 954 1308 σπουδὴν
968 1226 1079 1298 ποδός.

342 1332 399 1398 καὶ
413 1330 478 1416 μὴν
493 1331 531 1398 τὸ
545 1327 656 1418 μῶρόν
669 1329 700 1413 η’
718 1329 819 1418 ἄνδρα
836 1335 893 1412 τῆς
910 1329 987 1397 όδοῧ
1002 1332 1125 1419 πλανᾷ,

342 1437 424 1522 πρὸς
440 1434 559 1521 κέντρα
574 1434 775 1513 λακτίζοντα
790 1434 846 1499 διὰ
862 1437 990 1520 φρενῶν
1006 1433 1093 1520 Θεῷ.

341 1537 490 1610 πολλούς
504 1536 535 1621 η’
551 1537 569 1602 ό
585 1541 731 1609 πλοῦτος
745 1538 822 1608 τοὺς
838 1537 957 1623 φίλους
973 1536 1164 1623 ἐφέλκεται,

340 1642 425 1707 οἰκεῖ
438 1640 474 1707 δὲ
489 1640 593 1730 χωρὶς
607 1644 674 1707 τῶν
687 1640 794 1711 πέλας
808 1640 908 1720 πένης
923 1640 1015 1726 ἀνήρ.

339 1745 360 1826 ἦ
375 1744 610 1832 φευδόμαρτυς
625 1744 686 1809 οὐκ
699 1742 1012 1832 ἀπαλλαχθήσεται

340 1849 457 1937 ἀθῷος,
472 1848 548 1915 οὐδὲ
561 1848 608 1932 μὴ
623 1846 742 1937 ’κφόνγη
755 1846 1001 1935 ψευδόστομος.

341 1954 471 2019 πολλοί
483 1952 523 2036 ηέ
538 1978 590 2018 τοι
606 1953 762 2019 σαίνουσι
777 1952 835 2017 τὸν
850 1949 1020 2038 κρατοῦντ’
1038 1949 1100 2029 ἀεί,

342 2056 399 2122 καὶ
414 2058 460 2143 τῷ
475 2054 598 2121 διδόντι
614 2054 704 2143 δῶρα
718 2058 787 2125 πάς
802 2080 853 2124 τις
869 2054 906 2120 εὖ
920 2056 1044 2141 φρονεῖ.

339 2156 515 2243 «γεγηθέναι
530 2159 588 2225 τὸν
600 2162 713 2244 μῶρον
727 2159 788 2224 οὐκ
804 2160 838 2224 έν
854 2159 1021 2243 εὐπρεπεῖ·

340 2261 429 2343 ἦπου
443 2262 481 2329 τὸ
497 2261 616 2329 δοῦλον
631 2266 728 2349 φῶτα
744 2262 905 2349 κοιράνων
920 2264 1061 2349 κρατεῖν.

342 2363 379 2430 τὸ
396 2369 532 2453 σῶφρον
545 2365 644 2452 ὀργῆς
659 2364 818 2447 ἀμβολὰς
835 2363 956 2430 θέσθαι
972 2367 1076 2449 φιλεῖ,

343 2468 438 2540 ὅστις
453 2467 628 2537 πεπονθὼς
643 2465 748 2532 τᾶδικ’
767 2465 824 2531 εἶτ’
840 2466 1030 2549 ἀηάλλεται

343 2570 472 2656 παρείς.
517 2566 622 2656 χόλος
637 2595 689 2634 τοι
703 2568 878 2647 βασιλέως
894 2566 1030 2652 φλέγων
1045 2565 1167 2651 πρέπει

342 2672 552 2758 βρυχωμένῳ
565 2671 688 2751 λέοντι,
705 2669 874 2758 φρικώδης
889 2671 1012 2735 κλύειν·

343 2774 442 2862 χάρις
458 2772 484 2839 δ’
500 2773 606 2841 ἔοικεν
620 2771 765 2859 εὐδρόσῳ
781 2772 889 2862 χλόης
903 2773 1004 2856 «γάνει.

1073 2876 1105 2933 Τ.
1123 2876 1151 2935 S.
1167 2875 1199 2931 E.

643 2981 878 2993 ——-.-....

432 3124 578 3199 Caelum
597 3125 720 3198 stellis
737 3125 939 3199 ardentibus
957 3136 1087 3221 aptum.

300 3283 441 3369 Adspice
455 3284 595 3347 sidereos
609 3283 703 3346 orbes
717 3294 750 3346 et
764 3283 887 3347 lumina
901 3282 991 3360 caeli,

344 3384 418 3452 Qvo
434 3385 562 3448 tacitam
577 3396 703 3448 servent
719 3386 832 3450 ordine
847 3386 914 3450 fixa
929 3386 1022 3463 viam,

299 3487 388 3552 Dum
404 3486 538 3550 mortale
552 3509 654 3571 genus
670 3487 878 3573 mortaliaqve
893 3488 1009 3567 omnia,
1025 3488 1109 3551 vitae

344 3590 435 3673 Spes,
452 3590 558 3667 timor,
574 3589 631 3667 ira,
648 3588 749 3667 dolor,
765 3590 892 3674 gaudia,
910 3601 1004 3655 nocte
1019 3590 1132 3654 latent.

300 3691 330 3754 O
344 3691 439 3755 nitidi
454 3692 569 3755 domus
582 3694 646 3755 alta
659 3691 727 3777 poli
741 3692 894 3777 sedesqve
909 3693 1034 3771 beatae,

343 3792 389 3855 Et
402 3814 458 3857 vos
472 3793 593 3857 aeterni
607 3794 695 3877 regia
710 3806 795 3857 tecta
810 3794 872 3858 Dei
886 3819 893 3858 ι

300 3894 361 3959 Ille
375 3895 485 3979 igitur,
502 3908 623 3959 vestrae
639 3897 765 3980 peperit
779 3920 872 3981 qvem
887 3897 1018 3981 spiritus
1032 3918 1138 3973 aurae,

344 3996 550 4082 Compositus
564 4019 675 4060 somno
690 3997 789 4063 sicine
804 4007 912 4083 torpet
927 3998 1046 4061 homo?
