3250 4692
569 412 753 461 SABRINAE
771 413 948 461 COROLLA.
1235 414 1266 461 63

258 601 323 673 Ἐκ
340 606 395 686 τῆς
413 604 623 687 ίλεεινοτάτης
639 598 819 701 κωμῳδίας,
840 605 868 675 ἐν
884 598 906 697 ή
924 606 1087 701 Πυραμοῦ
1104 600 1165 675 καί
1184 601 1267 675 Θίσ-

340 722 402 815 βης
419 720 616 818 οἰκτρότατα
634 722 819 818 ταίήματα
838 717 994 813 διηγεῖται
1013 720 1030 792 ό
1046 720 1185 804 τοιητής.

647 883 868 971 Παράβασις.

255 1001 297 1069 Ὠ
314 1004 483 1089 θεώμενοι,
497 1004 574 1095 τάχ’
591 1007 671 1077 ίσως
688 1006 906 1090 θαυμάσεσθε
921 1005 981 1087 τήν
997 1006 1085 1072 θέαν.

261 1107 341 1173 ἀλλ’
359 1107 418 1190 ἔτ’,
435 1107 504 1174 ἔστ’
522 1108 563 1176 ἂν
576 1110 688 1176 πάντα
703 1110 818 1197 φράσῃ
834 1108 990 1190 τάληθές,
1008 1110 1202 1193 θαυμάζετε.

260 1209 364 1298 ἄνδρα
378 1210 471 1278 τόνδε
485 1211 649 1300 Πυραμόν
663 1212 728 1278 ὄντ’
744 1211 821 1294 ἴστ’,
837 1206 879 1295 ἣν
891 1211 1058 1293 βούλησθ
1074 1212 1204 1293 εἰδέναι,

264 1314 381 1395 Θίσβη
395 1314 460 1402 γὰρ
476 1318 555 1385 παῖς
571 1316 858 1403 καλλιπρόσωπος
873 1311 957 1396 δήλη
973 1314 1037 1381 ’στ’
1055 1317 1185 1396 έκεινηί.

262 1417 343 1503 ἁνὴρ
361 1416 387 1483 δ’
402 1418 579 1501 ούμπλεως
592 1420 738 1507 χάλικος
754 1419 810 1485 καὶ
824 1424 936 1500 πηλοῦ
950 1422 1135 1505 μιμήσεται

263 1525 374 1610 τεῖχος
390 1522 640 1610 τούπίτριπτον,
658 1524 784 1609 ἐραστὰ
801 1522 943 1611 διεῖργον
956 1522 1002 1588 τὼ
1018 1522 1084 1589 δύο.

264 1623 347 1690 τώδε
361 1624 426 1713 γὰρ
442 1627 574 1715 τείχους
589 1624 630 1691 δι’
647 1626 731 1709 ὀπῆς
747 1625 899 1711 ἀσμένως
915 1627 1103 1714 τρισαθλίω

263 1733 318 1796 νῦν
333 1728 415 1816 πρὸς
429 1728 572 1810 ἀλλήλω
588 1729 812 1818 φιθυρίζουθ·
838 1729 860 1795 ἃ
874 1728 988 1814 μηδεὶς
1006 1729 1173 1815 θαυμάσῃ.

263 1829 365 1919 ἄνδρα
381 1836 485 1899 κεῖνον
500 1830 539 1913 δ’,
556 1830 590 1903 ὃς
605 1830 670 1898 κύν’
688 1832 781 1899 ι’ττνόν
796 1831 826 1899 τ’
842 1833 915 1921 ἔχει
930 1833 1097 1914 κάκάνθης
1110 1835 1229 1914 βάτον,

264 1935 405 2015 σελήνης
420 1935 604 2022 πρόσωπον
618 1935 724 2023 ὁρᾶθ’·
738 1938 779 2019 ἢν
793 1938 858 2024 γὰρ
873 1935 1042 2017 βούλησθ’
1060 1937 1189 2018 εἰδέναι,

264 2034 339 2102 τώδ’
353 2038 413 2103 οὐκ
428 2035 652 2127 αι’σχύνεσθον
665 2040 792 2126 ἐραστὰ
806 2040 837 2110 Σ
839 2038 992 2120 εληναίας
1008 2040 1113 2111 σέλας

265 2139 310 2211 είς
326 2140 432 2206 Νίνου
444 2141 574 2223 τύμβον
588 2146 849 2227 προαπαντῶντε
864 2144 921 2208 καὶ
935 2142 1080 2224 παίζοντ’
1097 2144 1174 2210 ἐκεῖ.

267 2242 380 2329 θηρίον
394 2242 461 2309 τόδ’
477 2244 520 2309 αὖ
534 2245 696 2333 χαροπόν,
713 2245 824 2311 λέονθ’
841 2245 877 2312 ὃν
893 2246 1129 2330 κικλήσκομεν,

268 2347 404 2427 Θίσβην
418 2348 552 2429 πιστήν
578 2347 740 2437 ἐρχομένη
756 2347 782 2413 δ’
799 2349 820 2429 ἡ
835 2353 914 2419 ταῖς
930 2348 1045 2418 νυκτὸς
1061 2349 1218 2435 ἔφθασεν·

267 2448 424 2532 ἐξέπληξ’
441 2448 500 2514 εἴτ’
516 2450 573 2516 οὖν
587 2450 742 2536 έφόβησ’·
761 2450 824 2516 ὦδε
839 2451 904 2538 γὰρ
920 2455 1044 2539 τρανῶς
1060 2452 1134 2539 ἐρῶ.

267 2552 457 2638 φεύγουσαν
469 2550 504 2618 δὲ
521 2540 694 2636 θοιμάτιον
707 2552 866 2619 λανθάνει
881 2554 1009 2619 πίπτον
1023 2555 1142 2643 χαμαί,

267 2656 319 2745 χὼ
333 2656 421 2721 λέων
434 2654 567 2739 γνάθοις
582 2655 770 2743 ἀκάθαρτος
785 2656 918 2745 χραίνει
932 2654 1133 2743 μιαιφόνοις.

268 2760 329 2826 κάν
341 2757 415 2846 τῷδ’
432 2758 509 2839 ἡδύς
524 2756 696 2845 θφικόμας
710 2757 926 2844 μειρακίσκος
940 2758 1146 2848 προσμολὼν

268 2863 430 2945 κτάμενον
445 2862 518 2949 εύρε
535 2862 707 2946 θοιμάτιον
724 2863 860 2943 Θίσβης
875 2870 998 2946 πιστῆς
1012 2863 1185 2949 Πυραμός.

269 2966 431 3053 φασγάνῳ
448 2964 484 3031 δὲ
500 2968 545 3053 τῷ
560 2967 697 3053 φοβερῷ
711 2969 756 3053 τῷ
770 2971 915 3053 φονῶντι
930 2967 1093 3053 φασγάνῳ

268 3073 342 3159 φλᾷ
356 3070 540 3157 φλογωπὸν
555 3070 734 3156 φοιταλέος
750 3072 882 3157 φοινίαν
897 3069 1000 3157 φίλην
1016 3071 1130 3157 φρένα.

269 3172 352 3255 εἶτα,
371 3172 489 3255 Θίσβη
503 3174 568 3259 γὰρ
584 3172 781 3262 παρέμεινεν
794 3172 900 3262 μόρου
915 3177 1015 3243 σκιᾶς
1032 3174 1108 3253 ὕπο,

269 3278 369 3367 ἔγχος
384 3275 525 3358 εἰλκυσ’,
543 3276 600 3343 εἶτ’
617 3277 739 3345 ἔθανεν.
773 3278 888 3345 τάλλα
903 3277 930 3344 δ’
946 3278 1003 3345 οὖν
1017 3276 1115 3343 πάνθ’
1133 3278 1175 3347 ὡς
1192 3278 1274 3365 ἔχει,

267 3382 288 3463 ἡ
304 3381 440 3463 σελήνη,
456 3381 503 3447 τὼ
519 3379 565 3446 δύ’
582 3382 720 3470 ἐραστά,
736 3382 773 3448 τὸ
790 3385 913 3471 τεῖχος,
929 3383 982 3471 χὼ
996 3380 1096 3463 λέων,

269 3484 330 3550 οἵδ’
343 3482 558 3572 άφηγείσθων
573 3484 654 3565 τάδ’,
672 3484 732 3555 ἕως
747 3485 859 3552 ἐνθαδὶ
873 3483 1005 3569 μένουσ’
1021 3485 1082 3549 ἔτι.

458 3652 524 3723 Ἐκ
541 3656 598 3735 τῆς
616 3654 715 3735 αὐτῆς
732 3648 903 3750 κωμῳδίας
919 3652 1082 3745 λείψανον.

268 3793 316 3856 Π.
332 3788 547 3870 ΔῖαΣελήνη,
555 3789 596 3855 σὲ
606 3788 640 3855 δὲ
649 3796 867 3878 μαρμαρυγῆς
877 3790 1005 3874 ἄγαμαι
1015 3795 1072 3871 τῆς
1081 3785 1276 3870 ήλιοειδοῦς.

334 3893 463 3977 ἄγαμαι
479 3890 562 3975 δῆτ’,
580 3892 605 3960 ὦ
622 3894 677 3960 δῖα
690 3894 836 3976 Σελήνη,
853 3899 1010 3977 σελσγεῖς
1033 3893 1138 3961 σέλας
1161 3892 1278 3954 οὕνεκα

398 3995 567 4083 λαμπρόν·
