3250 4692
366 455 408 504 viii
604 455 725 505 TRIUM
743 455 914 504 VIRORUM
932 454 1144 503 PRAEFATIO.

368 658 448 722 opus
473 637 734 722 adgredientibus
757 661 830 723 spes
856 637 913 701 ille
935 637 1036 701 calcar
1058 637 1213 727 subdidit,
1232 637 1312 715 fore,
1336 649 1374 700 ut

365 753 425 818 viri
454 756 536 818 tanti
572 765 699 841 tamqve
732 755 859 840 egregie
890 756 998 819 meriti
1035 755 1245 820 ‘haerentem
1275 755 1373 840 capiti

368 873 470 936 multe
492 895 565 937 cum
587 874 682 939 laude
711 876 875 940 eoronam’
899 875 988 939 novis
1012 874 1294 960 qualibuscumque
1313 874 1373 938 flo-

366 992 455 1056 ribus
470 1016 663 1060 ornaremus.

433 1113 472 1176 In
504 1115 631 1179 Corolla
660 1116 862 1181 contexenda
897 1117 973 1201 qvid
1003 1116 1117 1202 cuiqve
1154 1115 1371 1193 debuerimus,

366 1233 547 1318 legentibus
572 1236 634 1298 erit
660 1236 693 1299 in
719 1236 901 1322 propatulo.
954 1235 1018 1303 Qvi
1046 1258 1104 1300 nos
1132 1244 1189 1299 eut
1215 1235 1372 1320 suppetiis

367 1353 592 1418 instruxerunt
618 1366 675 1418 aut
701 1355 842 1440 ingenuo
867 1356 975 1419 favore
1002 1353 1188 1439 prosequuti
1210 1362 1295 1430 suut,
1319 1351 1369 1429 iis,

367 1481 524 1557 qvotqvot
555 1483 641 1552 sunt,
671 1474 789 1558 gratiss
819 1472 943 1556 agimus
972 1483 1006 1535 et
1033 1472 1188 1537 habemus
1213 1471 1369 1554 ingentes.

367 1591 481 1677 Neqve
499 1615 575 1656 vero
596 1592 731 1657 dubium
757 1603 805 1656 est
832 1593 925 1656 nobis
945 1593 1021 1678 qvin
1044 1592 1140 1656 multi
1165 1591 1283 1676 ubiqve
1306 1590 1371 1653 sint

367 1709 579 1795 Salopienses,
596 1712 649 1796 qvi
672 1713 699 1775 si
721 1710 846 1774 consilii
868 1711 968 1775 nostri
990 1711 1061 1774 fieri
1078 1712 1258 1796 potuissent
1276 1709 1370 1772 certi-

367 1849 447 1904 ores,
464 1849 589 1891 summo
611 1850 670 1892 nos
692 1829 800 1892 studio
815 1829 981 1913 nervisque
1000 1829 1149 1893 omnibus
1164 1828 1368 1893 adiuvissent.

368 1944 439 2008 Hos
461 1946 560 2029 igitur
581 1946 614 2010 in
635 1947 747 2033 primis
771 1959 805 2011 et
828 1949 1018 2013 benevolum
1042 1971 1196 2035 qvemqve
1218 1948 1371 2011 lectorem

366 2063 461 2128 enixe
484 2086 642 2148 rogamus,
659 2078 698 2130 ut
711 2066 787 2132 huic
810 2069 966 2154 opusculo
988 2081 1098 2133 nostro
1120 2070 1259 2145 faveant,
1274 2077 1318 2145 et,
1342 2066 1369 2130 si

363 2181 467 2267 plura,
493 2183 577 2267 qvod
606 2207 778 2270 speramus,
802 2209 868 2250 non
897 2187 1130 2272 displicuerint,
1156 2184 1290 2250 maculis
1318 2185 1386 2262 iis„

366 2324 442 2385 qvas
460 2302 599 2367 humana
615 2327 729 2390 parum
753 2307 872 2371 caverit
889 2319 1014 2386 natura,
1030 2305 1150 2370 offendi
1172 2329 1206 2369 se
1227 2327 1268 2368 ne
1286 2303 1369 2389 pati-

367 2433 471 2488 entur.

462 2775 588 2822 Debemus
599 2775 702 2822 Londini

414 2863 466 2912 Cel.
479 2865 546 2912 Febr.
560 2877 608 2914 rs.
623 2877 744 2914 unoccu.
