3250 4692
547 422 731 473 SABRINAE
749 421 924 471 COROLLA.
1195 422 1241 469 rot

591 748 693 821 Deus
709 748 746 820 in
764 745 886 821 Curris.

237 932 271 995 N
273 954 334 996 unc
350 930 407 995 ubi
422 931 592 995 maiestas?
636 930 704 995 Ubi
719 952 816 1009 nuuc,
833 930 935 1009 Deus,
951 952 1047 995 auree
1061 931 1174 995 sedes?

281 1034 484 1099 Circumfusa
498 1034 560 1098 tibi
575 1034 682 1097 taenia
695 1034 777 1097 lueis
791 1034 872 1097 ubi?

236 1136 361 1220 Fulgur
376 1136 433 1200 ubi
448 1136 632 1219 tonitruque
648 1145 742 1198 tuum
755 1134 941 1219 fulmenqve
956 1134 1170 1210 tremendum,

281 1237 434 1323 Qvaeqve
450 1237 590 1301 obducta
604 1248 678 1300 tuos
692 1237 827 1321 inplicat
842 1238 955 1301 umbre
968 1237 1091 1323 pedes?

239 1339 335 1424 Inpia
345 1361 424 1423 gens
438 1339 505 1403 risu
520 1361 572 1402 me
586 1348 757 1425 provocat:
782 1338 857 1402 Hoc
873 1339 934 1402 tibi
948 1361 1068 1403 numen

282 1442 423 1519 Scilicet,
440 1452 475 1505 et
487 1442 644 1505 mundum
659 1464 725 1505 vox
741 1441 844 1527 qvatit
858 1441 919 1505 istu
933 1443 1052 1505 suum?

238 1544 352 1608 Haene
366 1566 491 1622 manus,
508 1543 624 1628 qvibus
638 1543 788 1607 ultricem
802 1542 1016 1608 iaculantibus
1030 1544 1137 1629 iguem

280 1647 455 1733 Neqvitiue
469 1669 589 1731 poenas
603 1647 699 1710 foeda
714 1644 875 1711 Gomorra
889 1647 1001 1711 dedit?

240 1748 313 1816 Qvo
327 1760 421 1833 poter
434 1772 535 1834 usqve
547 1749 614 1835 peti
628 1751 642 1812 l
685 1748 858 1833 Templum
874 1749 1038 1836 praesepia
1052 1750 1148 1828 fiant3

282 1851 385 1936 Surge
399 1853 464 1916 tuis
478 1852 579 1930 cunis,
595 1875 760 1932 maxume,
774 1875 880 1937 surge,
898 1852 1007 1917 Deus:

239 1954 343 2039 Surge
356 1966 471 2041 potens
485 1954 619 2040 soliiqve
634 1956 684 2019 tui
698 1967 864 2041 reparatus
879 1954 999 2020 honore

282 2056 415 2122 Protere
429 2057 567 2122 terribili
581 2080 659 2122 voce
674 2059 794 2123 rebelle
810 2069 926 2144 caput:

239 2156 304 2224 Qvi
319 2159 396 2243 qvid
410 2182 500 2224 amor
513 2160 618 2225 voleat
631 2161 735 2225 nescis
748 2184 850 2239 meus,
866 2162 900 2225 in
917 2173 973 2226 tua
987 2162 1103 2226 domna

282 2260 370 2328 Qvid
383 2262 488 2326 valeat
503 2262 603 2327 disces
617 2264 752 2329 vindicis
765 2264 812 2329 ira
828 2264 903 2329 Dei.

1148 2369 1187 2427 K.

597 2876 730 2952 Patres
746 2880 885 2977 sepulti.

281 3059 375 3124 Vivit
389 3060 493 3125 adhuc
507 3071 663 3141 veterum,
681 3064 734 3147 qvi
748 3064 872 3127 suntin
887 3064 1028 3149 pulvere,
1045 3077 1173 3152 patrum

327 3162 409 3227 Caro
423 3163 507 3241 Deo,
524 3162 637 3228 docuit
650 3164 695 3228 sic
710 3164 803 3229 Deus
817 3165 896 3249 ipse,
913 3166 1035 3245 cohors,

283 3265 352 3330 Ceu
366 3276 589 3352 premerentur
603 3266 704 3331 humo
718 3267 875 3332 luctantia
888 3262 1010 3333 semiue
1023 3271 1118 3353 vitae,

326 3368 415 3433 Dum
429 3382 527 3457 rupto
542 3369 674 3435 eliceret
688 3372 829 3457 caespite
844 3395 968 3437 summa
983 3374 1060 3439 dies.

283 3572 354 3637 Has
368 3574 476 3658 itaque
491 3575 636 3654 exuvias,
654 3577 796 3660 qvamvis
810 3578 967 3663 sapientia
981 3581 1122 3644 mendax

325 3678 417 3742 Mole
431 3691 527 3763 putet
542 3680 659 3744 tumuli
675 3704 800 3767 semper
813 3683 916 3747 inerte
931 3685 1045 3769 premi,

283 3780 404 3843 Debita
417 3795 581 3846 conservet
594 3786 792 3864 reverentie3
819 3808 959 3872 qvaeqve
974 3787 1131 3874 sophistes

325 3884 405 3947 Esse
418 3883 525 3949 lutum
540 3886 644 3971 fingit,
661 3898 738 3952 sunt
751 3912 790 3953 ea
804 3890 925 3975 templu
940 3890 1015 3955 Dei.

1146 3996 1184 4055 K.
