3250 4692
566 458 749 509 SABRINAE
768 459 943 510 COROLLA.
1210 461 1258 508 229

604 781 728 854 Honos
750 780 785 852 Τ
780 783 900 856 amuli.

295 949 392 1016 Qvod
407 959 464 1014 tua
479 950 629 1013 florentes
644 951 735 1014 sertis
747 973 849 1036 prope
864 951 960 1015 busta
974 975 1145 1032 moramur,

339 1049 392 1114 Ne
407 1060 445 1113 tu
457 1050 606 1114 saevitiae
621 1073 679 1114 nos
692 1074 762 1135 age,
778 1073 860 1129 care,
875 1074 965 1116 reos:

296 1152 382 1232 Neu,
400 1177 479 1239 qvae
494 1153 628 1239 pallenti
642 1153 767 1238 possint
780 1155 927 1218 inludere
942 1155 1049 1234 morti,

340 1255 404 1319 Per
417 1256 580 1320 tumulum
595 1277 717 1340 sparsas
732 1256 825 1319 crede
839 1257 954 1320 rubere
969 1279 1064 1322 rosas.

296 1461 384 1529 Qvid
398 1461 435 1540 si,
452 1461 529 1524 dum
545 1460 685 1524 bibimus
700 1461 879 1525 redolentia
892 1462 1019 1546 pocula,
1035 1463 1136 1548 cingit

338 1565 451 1629 Aurea
463 1563 549 1648 palla
562 1563 723 1643 humeros,
739 1564 839 1627 florea
852 1564 934 1627 vitta
948 1587 1064 1643 comas,

296 1667 389 1732 Talia
402 1691 454 1745 ne,
470 1667 570 1732 fortes
583 1666 669 1730 inter
683 1667 870 1730 fortissume
885 1689 1004 1746 manes,

338 1771 425 1835 Rere
442 1779 517 1832 tuae
531 1768 637 1832 labem
651 1769 733 1833 festa
749 1769 864 1854 qvietis
879 1769 942 1854 agi

294 1973 461 2058 Fingimus
475 1973 515 2036 ah
530 1972 603 2036 vani
617 1971 768 2038 simulato
782 1973 901 2057 gaudia
913 1974 991 2052 risu,

338 2076 440 2162 Inqve
455 2075 556 2140 oculis
571 2074 671 2140 fallax
685 2076 741 2139 ille
756 2075 940 2161 triumphus
953 2078 1055 2155 inest3

295 2179 335 2245 In
350 2179 463 2244 calices
476 2177 589 2241 furtim
604 2177 819 2242 lacrumarum
833 2178 935 2242 stillat
948 2202 1082 2258 amaror,

339 2283 430 2348 Inter
444 2280 604 2366 singultus
618 2281 760 2345 carmina
772 2303 885 2346 manca
899 2283 1028 2346 cadunt.

294 2489 364 2554 Nos
378 2489 552 2572 gemimus:
577 2487 736 2552 celebrare
752 2498 846 2550 tuum
861 2496 910 2550 est
923 2488 1071 2553 florentia
1085 2502 1175 2575 prata
1187 2518 1196 2568 3

340 2594 425 2656 Sunt
439 2589 500 2653 tibi
514 2590 654 2653 sincerae
667 2590 789 2652 somnia
802 2588 956 2668 laetitiae,

294 2695 447 2778 Qvacqve
461 2691 545 2756 malo
559 2690 662 2754 nescit
675 2691 756 2775 tingi
771 2713 913 2754 maerore
928 2692 1086 2778 voluptas,

337 2797 384 2861 Et
397 2796 465 2860 sine
480 2793 556 2858 felle
570 2793 650 2858 sales
665 2803 699 2857 et
712 2794 780 2857 sine
795 2793 883 2857 faece
898 2816 1033 2860 merum.

1158 2901 1196 2960 K.

660 3435 840 3509 Calamus.

293 3603 367 3681 Die,
385 3602 513 3668 Calame
528 3603 670 3686 agrestis,
688 3602 830 3688 Paphiae
845 3603 905 3666 sub
922 3605 1062 3688 tegmine
1077 3604 1168 3668 divae

338 3705 404 3769 Cur
417 3705 585 3790 pastoritio
600 3727 664 3768 vox
681 3715 774 3769 sonat
788 3716 864 3790 apta
878 3704 960 3769 lari?

293 3807 370 3873 Non
383 3809 469 3893 iuga,
485 3830 550 3873 non
564 3809 680 3873 virides
694 3819 833 3894 poscunt
847 3808 900 3872 hic
914 3809 1054 3873 carmina
1067 3809 1182 3889 valles3

335 3911 401 3976 Hic
415 3911 461 3975 nil
475 3933 541 3976 non
556 3911 660 3976 Amor
674 3923 740 3977 est:
765 3911 806 3976 ad
821 3921 879 3975 tua
893 3934 972 3976 saxa
984 3912 1065 3978 redi.

1157 4017 1195 4074 Κ.
