3250 4692
573 412 756 464 SABRINAE
775 412 951 463 COROLLA.

694 750 832 822 Comus.

434 935 598 1025 Λαμπρδς
612 934 658 1003 ὅδ’
674 934 782 1021 ἀστὴρ
798 935 816 1000 ὁ
833 935 912 1001 ποτὶ
927 936 1096 1020 σταθμοὺς

432 1044 575 1127 ποίμνας
590 1041 733 1124 ἐπάγων,
750 1038 887 1127 οὐρανὸν
899 1037 961 1121 ἤδη
1007 1054 1012 1063 “

648 1144 753 1227 μέσον
768 1141 938 1225 άμβαίνει,

434 1247 496 1314 κάν
511 1244 679 1333 ἑσπερίοις
694 1244 821 1328 κύμασι
835 1244 960 1329 πρηνὴς

435 1350 453 1416 ὁ
470 1349 543 1421 θεὸς
558 1346 696 1416 σπεύδει
711 1348 973 1437 χρυσοφαέννων

433 1458 564 1520 παῦσαι
578 1453 730 1538 μολεράν
745 1451 892 1537 σάρυργα
906 1450 1040 1540 δίφρων,

435 1556 491 1624 καὶ
505 1560 701 1644 τηλεφανεῖς
718 1554 835 1626 ὕπτιος
851 1557 957 1639 αὐγὰς

436 1661 519 1749 πρὸς
535 1658 687 1741 κυανειδῆ
703 1656 811 1725 πόλον
826 1651 977 1745 ἔρριψεν,

544 1810 548 1815 -
651 1764 757 1851 τέρμα
771 1761 918 1843 βαδίζων

564 1866 725 1950 θαλάμων
739 1870 903 1954 τηλοΰρον
919 1866 1016 1954 ἑῴων.

437 1972 499 2055 άγε
514 1969 554 2053 δὴ
571 1970 697 2037 θαλιῶν
711 1968 811 2058 χάρις
828 1969 1040 2057 εὐστεφάνων

437 2074 556 2159 κώμων
569 2099 607 2140 τε
620 2071 708 2156 μέλη
723 2070 799 2156 μηδ’
816 2072 896 2157 άτὲρ
912 2072 1002 2138 οἴνου

436 2181 501 2245 τῶν
516 2176 707 2265 παννυχίσιν
721 2174 896 2259 κελάδημα
909 2180 1032 2265 χορῶν.

436 2280 564 2370 ῥοδέοις
577 2278 749 2364 στέμμασι
764 2282 832 2350 πᾶς
847 2278 1034 2347 άναδείσθω

438 2384 558 2474 κρατὸς
573 2384 714 2473 ἔθειραν,
730 2382 834 2472 μύρον
849 2384 1012 2467 ε’νστάξας

567 2488 623 2553 καὶ
638 2487 738 2570 ηάνος
753 2487 842 2568 οῖνης
856 2485 1033 2553 Διονύσου.

438 2594 494 2658 νῦν
508 2590 573 2677 γὰρ
589 2594 656 2662 πιῖς
671 2616 721 2661 τις
737 2589 961 2673 κατεκοιμήθη

438 2692 608 2780 φθονερός,
625 2692 748 2780 σοφίος
763 2690 791 2758 τ’
808 2694 840 2758 εί
853 2718 904 2764 τις
919 2693 1062 2781 ἐραστὴς

568 2802 626 2879 τῆς
641 2796 873 2876 πολυβοάλου.

441 2899 477 2973 ε’ν,
490 2898 525 2965 δὲ
540 2899 703 2986 ηεράντων
717 2899 774 2966 καὶ
788 2898 993 2986 βαρυθάμων
1071 2984 1074 2989 ¹

437 3006 505 3069 πᾶν
519 3001 676 3089 ὀδυνηρὸν
688 3003 783 3086 γένος
797 3003 935 3069 αὐταῖσι

567 3106 714 3190 *γνώμαις
728 3106 763 3173 ἐν
778 3106 870 3192 ὕπνῳ
886 3108 1093 3171 κατακεῖται.

438 3206 523 3274 δεῦτ’
539 3207 596 3275 οὖν
611 3209 704 3291 ὑμεῖς
718 3207 822 3294 πυρὸς
836 3207 986 3295 αἰθερίου

441 3310 581 3401 καθαροὶ
597 3309 723 3391 παῖδες,
739 3315 805 3378 τῶν
820 3308 980 3399 οὐρανίων

440 3412 574 3503 άστρων
584 3412 646 3497 ἤδη
660 3413 818 3497 μιμεῖσθε
832 3414 967 3502 χορούς,

441 3516 480 3582 οῖ·
489 3516 679 3607 ταχυδίνοις
693 3517 971 3605 περιτελλάμενοι

656 3620 833 3688 κύκλοισιν
847 3620 905 3702 ἔτη

568 3721 625 3789 καῖ
639 3728 744 3807 μῆνας
758 3724 881 3807 άηουσι
896 3721 1055 3792 τελείους.

1072 3878 1107 3935 Ε.
1120 3877 1161 3935 Η.
1174 3876 1210 3935 G.

1237 411 1269 465 79
