3250 4692
557 415 740 466 SABRINAE
760 415 935 466 COROLLA.
1204 418 1250 466 2⁸1

421 800 558 903 Bright
576 804 616 877 be
633 804 692 877 tlte
711 802 824 913 Plaee
842 804 958 902 oftlzy
975 804 1074 878 Saul.

289 978 341 1043 Sit
355 979 425 1044 aine
439 990 535 1045 noete
548 981 617 1045 dies
632 1004 830 1067 qvocumqve
844 992 977 1066 vagatur
991 982 1027 1046 in
1041 983 1118 1047 orbe

332 1082 429 1146 Mens
444 1092 511 1162 tua,
526 1105 680 1167 corporeo
693 1082 797 1147 libera
810 1084 897 1148 facta
909 1084 998 1148 luto:

289 1183 386 1248 Mens
400 1196 467 1264 tua,
484 1208 546 1270 qva
557 1208 721 1270 nunqvam
734 1186 882 1249 mortalia
895 1186 1023 1250 vincula
1036 1186 1126 1270 rupit

333 1286 491 1367 Puleri0r‚
507 1287 657 1351 aetheriis
671 1288 862 1352 adsocianda
876 1288 990 1355 choris.

290 1387 419 1476 Hospes
433 1412 502 1454 eras
516 1401 629 1469 terrae,
645 1391 741 1454 modo
756 1413 823 1455 non
838 1390 954 1469 divina,
969 1413 1158 1477 parumper3

333 1492 447 1557 Sidera
460 1492 600 1557 divinam
614 1502 647 1558 te
664 1504 720 1557 tua
732 1516 858 1579 semper
872 1493 1002 1559 habent.

289 1592 361 1658 Nec
375 1594 492 1659 nimiae
508 1594 619 1658 deceat
632 1616 691 1658 nos
705 1594 872 1681 indulgere
888 1595 1044 1680 qverelae,

333 1696 440 1764 Qvom
454 1707 547 1761 vocet
560 1697 595 1760 in
608 1697 767 1781 gremium
781 1709 815 1761 te
830 1698 922 1762 Deus
935 1698 1005 1783 ipse
1020 1719 1125 1762 suum.

290 1797 411 1863 Nobile
424 1800 600 1884 gemmanti
614 1812 727 1864 vernet
740 1801 802 1865 tibi
817 1801 956 1887 caespite
970 1800 1112 1879 bustum,

334 1903 380 1967 Et
393 1913 519 1988 premat
533 1904 654 1988 exiguo
669 1904 810 1989 pondere
828 1915 911 1968 terra
925 1914 1040 1989 caput:

290 2005 411 2070 Absint
423 2006 550 2093 indigni
563 2007 676 2073 feralia
689 2007 781 2091 signa
796 2006 933 2085 doloris;

333 2109 411 2173 Non
424 2109 510 2174 inter
522 2110 680 2175 lacrumas
694 2108 742 2173 fas
757 2108 940 2174 meminisse
956 2108 1015 2173 tui.
1068 2138 1072 2145 ·

289 2211 389 2276 Hunc
404 2213 520 2277 florum
535 2212 697 2277 sollemnis
711 2212 816 2275 honor
830 2222 1016 2296 myrtusqve
1030 2209 1182 2295 perennis

332 2314 412 2379 Rite
426 2326 529 2380 sacret
543 2315 677 2379 memori
690 2314 845 2398 religione
859 2313 986 2378 locum:

292 2415 345 2480 Sit
359 2428 466 2481 tamen
480 2428 550 2482 atra
563 2416 676 2503 procul
690 2426 796 2493 taxus,
814 2415 975 2501 tristisqve
991 2414 1131 2499 cupressi

336 2518 427 2584 Qvae
441 2518 525 2583 male
539 2529 605 2583 tam
619 2518 726 2583 fausto
741 2518 892 2583 convenit
905 2517 1019 2580 umbra
1033 2538 1122 2601 rogo.

892 2653 920 2711 S.
936 2652 977 2708 M.
992 2650 1040 2731 (aa
1053 2648 1194 2728 Braoro.)

631 3140 875 3239 Epitaphium.

247 3323 319 3413 Ἶφι
333 3324 570 3416 μαχησόμενοι
584 3327 642 3405 τῆς
656 3318 821 3391 Ἑλλάδος
836 3316 943 3386 εἵνεκα
958 3318 1070 3401 πάσης

294 3429 347 3498 ὧδ’
364 3430 410 3496 ἐνὶ
425 3432 497 3499 ταῖς
513 3425 615 3514 ἱεραῖς
630 3424 767 3507 κείμεθα
784 3420 1032 3510 Θερμοπύλαις·

253 3535 340 3618 ἡμᾶς
355 3533 382 3598 δ’
398 3529 570 3620 ἡμετέροιο
586 3526 753 3596 Λεωνίδου
767 3526 910 3609 ἄλκιμον
924 3524 1006 3613 ἦτορ

292 3636 416 3718 ἥγοιγεν
429 3634 475 3705 εἰς
490 3632 591 3715 νίκην,
606 3632 731 3716 ἤγαγεν
747 3630 793 3701 εἷς
810 3630 962 3697 θάνατον.

252 3738 329 3808 τοὺς
344 3736 380 3803 δὲ
390 3739 522 3825 βροτῶν
535 3738 688 3825 μάκαρας
704 3736 814 3824 φάμεν
830 3734 977 3818 ἐμμένοι,
994 3734 1050 3805 οὓς
1065 3732 1128 3799 ἕλε
1140 3735 1243 3821 μοῖρα

294 3840 521 3930 μαρναμένους
536 3846 645 3925 κοινῆς
661 3838 755 3907 εἵνεκ’
772 3837 970 3926 ἐλευθερίης.

1101 3954 1135 4011 F.
1151 3953 1198 4010 W.

726 4072 784 4115 00
