<?xml version="1.0" encoding="UTF-8"?>
<!DOCTYPE html PUBLIC "-//W3C//DTD XHTML 1.0 Transitional//EN"
    "http://www.w3.org/TR/xhtml1/DTD/xhtml1-transitional.dtd">
<html xmlns="http://www.w3.org/1999/xhtml" xml:lang="en" lang="en">
 <head>
  <title>
</title>
<meta http-equiv="Content-Type" content="text/html;charset=utf-8" />
  <meta name='ocr-system' content='tesseract 3.04.00' />
  <meta name='ocr-capabilities' content='ocr_page ocr_carea ocr_par ocr_line ocrx_word'/>
</head>
<body>
  <div class='ocr_page' id='page_1' title='image "./sabrinaecorolla00shrgoog_0077.png"; bbox 0 0 3250 4692; ppageno 0'>
   <div class='ocr_carea' id='block_1_1' title="bbox 581 433 959 486">
    <p class='ocr_par' dir='ltr' id='par_1_1' title="bbox 581 433 959 486">
     <span class='ocr_line' id='line_1_1' title="bbox 581 433 959 486; baseline 0.005 -3"><span class='ocrx_word' id='word_1_1' title='bbox 581 433 765 484; x_wconf 84' lang='lat' dir='ltr'>SABRINAE</span> <span class='ocrx_word' id='word_1_2' title='bbox 784 436 959 486; x_wconf 84' lang='lat' dir='ltr'><strong>COROLLA.</strong></span> 
     </span>
    </p>
   </div>
   <div class='ocr_carea' id='block_1_2' title="bbox 557 727 981 827">
    <p class='ocr_par' dir='ltr' id='par_1_2' title="bbox 557 727 981 827">
     <span class='ocr_line' id='line_1_2' title="bbox 557 727 981 827; baseline 0.005 -27"><span class='ocrx_word' id='word_1_3' title='bbox 557 727 760 827; x_wconf 82' lang='lat' dir='ltr'><strong>Mignonae</strong></span> <span class='ocrx_word' id='word_1_4' title='bbox 781 729 981 804; x_wconf 78' lang='lat' dir='ltr'><strong>Cantileno.</strong></span> 
     </span>
    </p>
   </div>
   <div class='ocr_carea' id='block_1_3' title="bbox 395 919 1014 1312">
    <p class='ocr_par' dir='ltr' id='par_1_3' title="bbox 397 919 968 1006">
     <span class='ocr_line' id='line_1_3' title="bbox 397 919 968 1006; baseline 0.002 -24"><span class='ocrx_word' id='word_1_5' title='bbox 397 921 451 983; x_wconf 90' lang='lat' dir='ltr'><strong>An</strong></span> <span class='ocrx_word' id='word_1_6' title='bbox 465 929 542 983; x_wconf 82' lang='lat' dir='ltr'><strong>nota</strong></span> <span class='ocrx_word' id='word_1_7' title='bbox 556 919 653 984; x_wconf 88' lang='lat' dir='ltr'><strong>tellus</strong></span> <span class='ocrx_word' id='word_1_8' title='bbox 667 931 717 985; x_wconf 90' lang='lat' dir='ltr'><strong>est</strong></span> <span class='ocrx_word' id='word_1_9' title='bbox 731 921 802 1000; x_wconf 88' lang='lat' dir='ltr'><strong>tibi,</strong></span> <span class='ocrx_word' id='word_1_10' title='bbox 820 943 882 1006; x_wconf 87' lang='lat' dir='ltr'><strong>qva</strong></span> <span class='ocrx_word' id='word_1_11' title='bbox 896 920 968 985; x_wconf 90' lang='lat' dir='ltr'><strong>citri</strong></span> 
     </span>
    </p>

    <p class='ocr_par' dir='ltr' id='par_1_4' title="bbox 395 1021 1014 1312">
     <span class='ocr_line' id='line_1_4' title="bbox 395 1021 986 1108; baseline 0 -22"><span class='ocrx_word' id='word_1_12' title='bbox 395 1021 538 1100; x_wconf 75' lang='lat' dir='ltr'><strong>Florem,</strong></span> <span class='ocrx_word' id='word_1_13' title='bbox 556 1033 589 1086; x_wconf 89' lang='lat' dir='ltr'><strong>et</strong></span> <span class='ocrx_word' id='word_1_14' title='bbox 601 1034 684 1087; x_wconf 85' lang='lat' dir='ltr'><strong>atras</strong></span> <span class='ocrx_word' id='word_1_15' title='bbox 698 1045 795 1087; x_wconf 86' lang='lat' dir='ltr'><strong>aurea</strong></span> <span class='ocrx_word' id='word_1_16' title='bbox 807 1046 867 1108; x_wconf 92' lang='lat' dir='ltr'><strong>per</strong></span> <span class='ocrx_word' id='word_1_17' title='bbox 881 1045 986 1087; x_wconf 87' lang='lat' dir='ltr'><strong>comas</strong></span> 
     </span>
     <span class='ocr_line' id='line_1_5' title="bbox 437 1123 1000 1211; baseline 0.002 -23"><span class='ocrx_word' id='word_1_18' title='bbox 437 1123 528 1188; x_wconf 83' lang='lat' dir='ltr'><strong>Dant</strong></span> <span class='ocrx_word' id='word_1_19' title='bbox 542 1123 625 1189; x_wconf 82' lang='lat' dir='ltr'><strong>maia</strong></span> <span class='ocrx_word' id='word_1_20' title='bbox 638 1125 809 1209; x_wconf 85' lang='lat' dir='ltr'><strong>fulgorem,</strong></span> <span class='ocrx_word' id='word_1_21' title='bbox 825 1126 1000 1211; x_wconf 89' lang='lat' dir='ltr'><strong>polumqve</strong></span> 
     </span>
     <span class='ocr_line' id='line_1_6' title="bbox 483 1225 1014 1312; baseline 0.006 -22"><span class='ocrx_word' id='word_1_22' title='bbox 483 1225 675 1290; x_wconf 82' lang='lat' dir='ltr'><strong>Caeruleum</strong></span> <span class='ocrx_word' id='word_1_23' title='bbox 691 1227 865 1312; x_wconf 86' lang='lat' dir='ltr'><strong>Zephyrus</strong></span> <span class='ocrx_word' id='word_1_24' title='bbox 878 1239 1014 1307; x_wconf 75' lang='lat' dir='ltr'><strong>serenat,</strong></span> 
     </span>
    </p>
   </div>
   <div class='ocr_carea' id='block_1_4' title="bbox 395 1428 1105 1819">
    <p class='ocr_par' dir='ltr' id='par_1_5' title="bbox 395 1428 1105 1819">
     <span class='ocr_line' id='line_1_7' title="bbox 395 1428 1000 1516; baseline 0.005 -24"><span class='ocrx_word' id='word_1_25' title='bbox 395 1428 587 1515; x_wconf 81' lang='lat' dir='ltr'><strong>Myrtusqve</strong></span> <span class='ocrx_word' id='word_1_26' title='bbox 601 1429 684 1494; x_wconf 85' lang='lat' dir='ltr'><strong>lauri</strong></span> <span class='ocrx_word' id='word_1_27' title='bbox 698 1430 829 1495; x_wconf 87' lang='lat' dir='ltr'><strong>brachia</strong></span> <span class='ocrx_word' id='word_1_28' title='bbox 841 1430 1000 1516; x_wconf 74' lang='lat' dir='ltr'><strong>suspicit?</strong></span> 
     </span>
     <span class='ocr_line' id='line_1_8' title="bbox 395 1531 1105 1622; baseline 0.004 -26"><span class='ocrx_word' id='word_1_29' title='bbox 395 1531 450 1596; x_wconf 87' lang='lat' dir='ltr'><strong>An</strong></span> <span class='ocrx_word' id='word_1_30' title='bbox 464 1543 542 1596; x_wconf 89' lang='lat' dir='ltr'><strong>nota</strong></span> <span class='ocrx_word' id='word_1_31' title='bbox 556 1532 652 1597; x_wconf 88' lang='lat' dir='ltr'><strong>tellus</strong></span> <span class='ocrx_word' id='word_1_32' title='bbox 667 1533 745 1598; x_wconf 87' lang='lat' dir='ltr'><strong>haec</strong></span> <span class='ocrx_word' id='word_1_33' title='bbox 759 1534 820 1598; x_wconf 89' lang='lat' dir='ltr'><strong>tibi</strong></span> <span class='ocrx_word' id='word_1_34' title='bbox 833 1536 846 1599; x_wconf 71' lang='lat' dir='ltr'><strong>i</strong></span> <span class='ocrx_word' id='word_1_35' title='bbox 890 1534 978 1602; x_wconf 84' lang='lat' dir='ltr'><strong>Qvid</strong></span> <span class='ocrx_word' id='word_1_36' title='bbox 991 1535 1105 1622; x_wconf 89' lang='lat' dir='ltr'><strong>procul</strong></span> 
     </span>
     <span class='ocr_line' id='line_1_9' title="bbox 436 1633 955 1701; baseline 0.004 -3"><span class='ocrx_word' id='word_1_37' title='bbox 436 1633 627 1700; x_wconf 74' lang='lat' dir='ltr'><strong>Moramur?</strong></span> <span class='ocrx_word' id='word_1_38' title='bbox 671 1635 754 1700; x_wconf 84' lang='lat' dir='ltr'><strong>illuc</strong></span> <span class='ocrx_word' id='word_1_39' title='bbox 768 1637 853 1701; x_wconf 88' lang='lat' dir='ltr'><strong>itur:</strong></span> <span class='ocrx_word' id='word_1_40' title='bbox 878 1636 955 1700; x_wconf 91' lang='lat' dir='ltr'><strong>illuc</strong></span> 
     </span>
     <span class='ocr_line' id='line_1_10' title="bbox 480 1739 982 1819; baseline 0.004 -16"><span class='ocrx_word' id='word_1_41' title='bbox 480 1739 603 1804; x_wconf 87' lang='lat' dir='ltr'><strong>Tecum</strong></span> <span class='ocrx_word' id='word_1_42' title='bbox 618 1761 706 1819; x_wconf 87' lang='lat' dir='ltr'><strong>aveo,</strong></span> <span class='ocrx_word' id='word_1_43' title='bbox 722 1762 794 1804; x_wconf 89' lang='lat' dir='ltr'><strong>mea</strong></span> <span class='ocrx_word' id='word_1_44' title='bbox 807 1740 884 1819; x_wconf 81' lang='lat' dir='ltr'><strong>vita,</strong></span> <span class='ocrx_word' id='word_1_45' title='bbox 901 1739 982 1806; x_wconf 90' lang='lat' dir='ltr'><strong>tolli.</strong></span> 
     </span>
    </p>
   </div>
   <div class='ocr_carea' id='block_1_5' title="bbox 393 1943 1030 2337">
    <p class='ocr_par' dir='ltr' id='par_1_6' title="bbox 393 1943 1030 2337">
     <span class='ocr_line' id='line_1_11' title="bbox 393 1943 988 2030; baseline 0.003 -22"><span class='ocrx_word' id='word_1_46' title='bbox 393 1943 543 2008; x_wconf 90' lang='lat' dir='ltr'><strong>Aedesne</strong></span> <span class='ocrx_word' id='word_1_47' title='bbox 558 1953 653 2009; x_wconf 90' lang='lat' dir='ltr'><strong>notae</strong></span> <span class='ocrx_word' id='word_1_48' title='bbox 668 1955 745 2008; x_wconf 86' lang='lat' dir='ltr'><strong>sunt</strong></span> <span class='ocrx_word' id='word_1_49' title='bbox 757 1943 829 2023; x_wconf 88' lang='lat' dir='ltr'><strong>tibi,</strong></span> <span class='ocrx_word' id='word_1_50' title='bbox 844 1945 988 2030; x_wconf 87' lang='lat' dir='ltr'><strong>porticus</strong></span> 
     </span>
     <span class='ocr_line' id='line_1_12' title="bbox 393 2045 919 2130; baseline 0 -20"><span class='ocrx_word' id='word_1_51' title='bbox 393 2045 490 2110; x_wconf 84' lang='lat' dir='ltr'><strong>Altae</strong></span> <span class='ocrx_word' id='word_1_52' title='bbox 506 2046 672 2126; x_wconf 85' lang='lat' dir='ltr'><strong>columnis,</strong></span> <span class='ocrx_word' id='word_1_53' title='bbox 689 2046 769 2110; x_wconf 84' lang='lat' dir='ltr'><strong>atria</strong></span> <span class='ocrx_word' id='word_1_54' title='bbox 783 2045 919 2130; x_wconf 84' lang='lat' dir='ltr'><strong>fulgida,</strong></span> 
     </span>
     <span class='ocr_line' id='line_1_13' title="bbox 436 2149 1030 2235; baseline -0.003 -19"><span class='ocrx_word' id='word_1_55' title='bbox 436 2149 508 2216; x_wconf 80' lang='lat' dir='ltr'><strong>Qva</strong></span> <span class='ocrx_word' id='word_1_56' title='bbox 523 2161 670 2234; x_wconf 83' lang='lat' dir='ltr'><strong>stantqve</strong></span> <span class='ocrx_word' id='word_1_57' title='bbox 685 2149 812 2214; x_wconf 88' lang='lat' dir='ltr'><strong>defixae</strong></span> <span class='ocrx_word' id='word_1_58' title='bbox 827 2149 1030 2235; x_wconf 74' lang='lat' dir='ltr'><strong>benignoque</strong></span> 
     </span>
     <span class='ocr_line' id='line_1_14' title="bbox 478 2250 958 2337; baseline -0.002 -19"><span class='ocrx_word' id='word_1_59' title='bbox 478 2253 609 2318; x_wconf 86' lang='lat' dir='ltr'><strong>Intuitu</strong></span> <span class='ocrx_word' id='word_1_60' title='bbox 623 2263 747 2317; x_wconf 81' lang='lat' dir='ltr'><strong>statuae</strong></span> <span class='ocrx_word' id='word_1_61' title='bbox 762 2250 958 2337; x_wconf 76' lang='lat' dir='ltr'><strong>loquuntur:</strong></span> 
     </span>
    </p>
   </div>
   <div class='ocr_carea' id='block_1_6' title="bbox 394 2453 1059 2828">
    <p class='ocr_par' dir='ltr' id='par_1_7' title="bbox 394 2453 1059 2828">
     <span class='ocr_line' id='line_1_15' title="bbox 394 2453 1059 2540; baseline -0.003 -20"><span class='ocrx_word' id='word_1_62' title='bbox 394 2455 471 2520; x_wconf 91' lang='lat' dir='ltr'><strong>Heu</strong></span> <span class='ocrx_word' id='word_1_63' title='bbox 485 2454 586 2520; x_wconf 87' lang='lat' dir='ltr'><strong>tristis</strong></span> <span class='ocrx_word' id='word_1_64' title='bbox 599 2454 715 2533; x_wconf 80' lang='lat' dir='ltr'><strong>insane,</strong></span> <span class='ocrx_word' id='word_1_65' title='bbox 732 2454 810 2540; x_wconf 85' lang='lat' dir='ltr'><strong>qvid</strong></span> <span class='ocrx_word' id='word_1_66' title='bbox 824 2454 885 2518; x_wconf 87' lang='lat' dir='ltr'><strong>tibi</strong></span> <span class='ocrx_word' id='word_1_67' title='bbox 900 2453 1059 2539; x_wconf 70' lang='lat' dir='ltr'><strong>contigit?</strong></span> 
     </span>
     <span class='ocr_line' id='line_1_16' title="bbox 394 2556 1026 2625; baseline -0.006 0"><span class='ocrx_word' id='word_1_68' title='bbox 394 2559 520 2625; x_wconf 78' lang='lat' dir='ltr'><strong>lstaene</strong></span> <span class='ocrx_word' id='word_1_69' title='bbox 534 2569 630 2622; x_wconf 84' lang='lat' dir='ltr'><strong>notae</strong></span> <span class='ocrx_word' id='word_1_70' title='bbox 644 2568 721 2623; x_wconf 85' lang='lat' dir='ltr'><strong>sunt</strong></span> <span class='ocrx_word' id='word_1_71' title='bbox 735 2556 822 2621; x_wconf 78' lang='lat' dir='ltr'><strong>tibi?</strong></span> <span class='ocrx_word' id='word_1_72' title='bbox 866 2557 954 2625; x_wconf 84' lang='lat' dir='ltr'><strong>Qvid</strong></span> <span class='ocrx_word' id='word_1_73' title='bbox 968 2558 1026 2622; x_wconf 90' lang='lat' dir='ltr'><strong>diu</strong></span> 
     </span>
     <span class='ocr_line' id='line_1_17' title="bbox 433 2659 954 2726; baseline -0.006 0"><span class='ocrx_word' id='word_1_74' title='bbox 433 2661 625 2726; x_wconf 76' lang='lat' dir='ltr'><strong>Moramur?</strong></span> <span class='ocrx_word' id='word_1_75' title='bbox 668 2659 751 2724; x_wconf 94' lang='lat' dir='ltr'><strong>Illuc</strong></span> <span class='ocrx_word' id='word_1_76' title='bbox 766 2660 851 2724; x_wconf 89' lang='lat' dir='ltr'><strong>itur:</strong></span> <span class='ocrx_word' id='word_1_77' title='bbox 875 2659 954 2724; x_wconf 90' lang='lat' dir='ltr'><strong>illuc</strong></span> 
     </span>
     <span class='ocr_line' id='line_1_18' title="bbox 478 2762 952 2828; baseline 0 -1"><span class='ocrx_word' id='word_1_78' title='bbox 478 2763 601 2827; x_wconf 87' lang='lat' dir='ltr'><strong>Tecum</strong></span> <span class='ocrx_word' id='word_1_79' title='bbox 616 2785 694 2826; x_wconf 86' lang='lat' dir='ltr'><strong>aveo</strong></span> <span class='ocrx_word' id='word_1_80' title='bbox 708 2773 766 2826; x_wconf 87' lang='lat' dir='ltr'><strong>tua</strong></span> <span class='ocrx_word' id='word_1_81' title='bbox 779 2785 857 2827; x_wconf 87' lang='lat' dir='ltr'><strong>cura</strong></span> <span class='ocrx_word' id='word_1_82' title='bbox 871 2762 952 2828; x_wconf 87' lang='lat' dir='ltr'><strong>tolli.</strong></span> 
     </span>
    </p>
   </div>
   <div class='ocr_carea' id='block_1_7' title="bbox 392 2967 1013 3362">
    <p class='ocr_par' dir='ltr' id='par_1_8' title="bbox 392 2967 1013 3242">
     <span class='ocr_line' id='line_1_19' title="bbox 393 2967 1013 3055; baseline -0.003 -20"><span class='ocrx_word' id='word_1_83' title='bbox 393 2970 559 3035; x_wconf 90' lang='lat' dir='ltr'><strong>Notumne</strong></span> <span class='ocrx_word' id='word_1_84' title='bbox 573 2969 691 3033; x_wconf 84' lang='lat' dir='ltr'><strong>montis</strong></span> <span class='ocrx_word' id='word_1_85' title='bbox 704 2967 892 3033; x_wconf 87' lang='lat' dir='ltr'><strong>nubiferum</strong></span> <span class='ocrx_word' id='word_1_86' title='bbox 906 2981 1013 3055; x_wconf 89' lang='lat' dir='ltr'><strong>caput,</strong></span> 
     </span>
     <span class='ocr_line' id='line_1_20' title="bbox 392 3070 942 3157; baseline -0.004 -19"><span class='ocrx_word' id='word_1_87' title='bbox 392 3072 487 3138; x_wconf 89' lang='lat' dir='ltr'><strong>Mulo</strong></span> <span class='ocrx_word' id='word_1_88' title='bbox 501 3071 640 3157; x_wconf 87' lang='lat' dir='ltr'><strong>petitum</strong></span> <span class='ocrx_word' id='word_1_89' title='bbox 651 3093 710 3156; x_wconf 87' lang='lat' dir='ltr'><strong>per</strong></span> <span class='ocrx_word' id='word_1_90' title='bbox 722 3070 856 3135; x_wconf 84' lang='lat' dir='ltr'><strong>nebulas</strong></span> <span class='ocrx_word' id='word_1_91' title='bbox 869 3071 942 3150; x_wconf 91' lang='lat' dir='ltr'><strong>iter,</strong></span> 
     </span>
     <span class='ocr_line' id='line_1_21' title="bbox 435 3171 921 3242; baseline -0.012 0"><span class='ocrx_word' id='word_1_92' title='bbox 435 3175 509 3242; x_wconf 83' lang='lat' dir='ltr'><strong>Qva</strong></span> <span class='ocrx_word' id='word_1_93' title='bbox 521 3173 582 3238; x_wconf 85' lang='lat' dir='ltr'><strong>sub</strong></span> <span class='ocrx_word' id='word_1_94' title='bbox 597 3173 775 3238; x_wconf 80' lang='lat' dir='ltr'><strong>cavernosis</strong></span> <span class='ocrx_word' id='word_1_95' title='bbox 787 3171 921 3237; x_wconf 81' lang='lat' dir='ltr'><strong>latebris</strong></span> 
     </span>
    </p>

    <p class='ocr_par' dir='ltr' id='par_1_9' title="bbox 478 3275 991 3362">
     <span class='ocr_line' id='line_1_22' title="bbox 478 3275 991 3362; baseline -0.004 -21"><span class='ocrx_word' id='word_1_96' title='bbox 478 3275 652 3362; x_wconf 85' lang='lat' dir='ltr'><strong>Progenies</strong></span> <span class='ocrx_word' id='word_1_97' title='bbox 665 3275 792 3341; x_wconf 80' lang='lat' dir='ltr'><strong>habitat</strong></span> <span class='ocrx_word' id='word_1_98' title='bbox 806 3276 991 3355; x_wconf 89' lang='lat' dir='ltr'><strong>draconum,</strong></span> 
     </span>
    </p>
   </div>
   <div class='ocr_carea' id='block_1_8' title="bbox 391 3478 1093 3648">
    <p class='ocr_par' dir='ltr' id='par_1_10' title="bbox 391 3478 1093 3648">
     <span class='ocr_line' id='line_1_23' title="bbox 391 3478 1041 3566; baseline -0.002 -23"><span class='ocrx_word' id='word_1_99' title='bbox 391 3480 574 3566; x_wconf 87' lang='lat' dir='ltr'><strong>Fractisqvc</strong></span> <span class='ocrx_word' id='word_1_100' title='bbox 589 3490 712 3544; x_wconf 84' lang='lat' dir='ltr'><strong>torrens</strong></span> <span class='ocrx_word' id='word_1_101' title='bbox 725 3479 918 3565; x_wconf 88' lang='lat' dir='ltr'><strong>praecipitat</strong></span> <span class='ocrx_word' id='word_1_102' title='bbox 930 3478 1041 3564; x_wconf 76' lang='lat' dir='ltr'><strong>iugis?</strong></span> 
     </span>
     <span class='ocr_line' id='line_1_24' title="bbox 392 3582 1093 3648; baseline 0 -2"><span class='ocrx_word' id='word_1_103' title='bbox 392 3583 424 3646; x_wconf 95' lang='lat' dir='ltr'>N</span> <span class='ocrx_word' id='word_1_104' title='bbox 426 3594 541 3648; x_wconf 85' lang='lat' dir='ltr'><strong>otusne</strong></span> <span class='ocrx_word' id='word_1_105' title='bbox 554 3606 646 3648; x_wconf 85' lang='lat' dir='ltr'><strong>mons</strong></span> <span class='ocrx_word' id='word_1_106' title='bbox 661 3593 709 3648; x_wconf 87' lang='lat' dir='ltr'><strong>est</strong></span> <span class='ocrx_word' id='word_1_107' title='bbox 723 3583 775 3647; x_wconf 93' lang='lat' dir='ltr'><strong>hic</strong></span> <span class='ocrx_word' id='word_1_108' title='bbox 790 3582 875 3647; x_wconf 77' lang='lat' dir='ltr'><strong>tibi?</strong></span> <span class='ocrx_word' id='word_1_109' title='bbox 920 3583 974 3647; x_wconf 91' lang='lat' dir='ltr'><strong>Sic</strong></span> <span class='ocrx_word' id='word_1_110' title='bbox 989 3582 1093 3647; x_wconf 85' lang='lat' dir='ltr'><strong>adhuc</strong></span> 
     </span>
    </p>
   </div>
   <div class='ocr_carea' id='block_1_9' title="bbox 435 3685 1065 3876">
    <p class='ocr_par' dir='ltr' id='par_1_11' title="bbox 435 3685 1065 3876">
     <span class='ocr_line' id='line_1_25' title="bbox 435 3685 969 3752; baseline -0.002 0"><span class='ocrx_word' id='word_1_111' title='bbox 435 3686 624 3752; x_wconf 75' lang='lat' dir='ltr'><strong>Moramur?</strong></span> <span class='ocrx_word' id='word_1_112' title='bbox 667 3687 751 3752; x_wconf 93' lang='lat' dir='ltr'><strong>Illuc</strong></span> <span class='ocrx_word' id='word_1_113' title='bbox 765 3687 867 3751; x_wconf 83' lang='lat' dir='ltr'><strong>imus:</strong></span> <span class='ocrx_word' id='word_1_114' title='bbox 890 3685 969 3751; x_wconf 93' lang='lat' dir='ltr'><strong>illuc</strong></span> 
     </span>
     <span class='ocr_line' id='line_1_26' title="bbox 478 3788 1065 3876; baseline -0.007 -19"><span class='ocrx_word' id='word_1_115' title='bbox 478 3790 566 3857; x_wconf 82' lang='lat' dir='ltr'><strong>Qvid</strong></span> <span class='ocrx_word' id='word_1_116' title='bbox 579 3789 739 3876; x_wconf 87' lang='lat' dir='ltr'><strong>prohibet,</strong></span> <span class='ocrx_word' id='word_1_117' title='bbox 755 3801 848 3876; x_wconf 87' lang='lat' dir='ltr'><strong>pater</strong></span> <span class='ocrx_word' id='word_1_118' title='bbox 861 3789 955 3869; x_wconf 86' lang='lat' dir='ltr'><strong>alme,</strong></span> <span class='ocrx_word' id='word_1_119' title='bbox 971 3788 1065 3854; x_wconf 77' lang='lat' dir='ltr'><strong>tollit</strong></span> 
     </span>
    </p>
   </div>
   <div class='ocr_carea' id='block_1_10' title="bbox 0 0 1630 4692">
    <p class='ocr_par' dir='ltr' id='par_1_12' title="bbox 0 0 1630 4692">
     <span class='ocr_line' id='line_1_27' title="bbox 0 0 1630 4692; baseline 0 1"><span class='ocrx_word' id='word_1_120' title='bbox 0 0 1630 4692; x_wconf 95' lang='lat' dir='ltr'><strong> </strong></span> 
     </span>
    </p>
   </div>
  </div>
 </body>
</html>
