3250 4692
567 439 749 490 SABRINAE
768 441 943 490 COROLLA.
1212 441 1259 490 17⁹

573 909 575 915 '
634 894 865 995 Deprecatio.

292 1083 400 1148 Aufer
413 1084 488 1150 hine
502 1086 616 1171 procul
630 1085 691 1151 ista
706 1095 772 1151 tam
787 1085 882 1151 dulce
896 1087 1020 1172 perfide
1032 1088 1141 1154 labra:

294 1185 401 1250 Aufer
413 1187 488 1252 hinc
504 1189 613 1252 oeulos
628 1187 751 1274 procul,
768 1188 845 1253 solis
858 1188 958 1254 instar
973 1189 1090 1268 oborti,

188 1369 197 1382 ι
270 1309 272 1321 ·
294 1286 384 1351 Luce
398 1289 453 1374 qvi
467 1299 622 1375 poterunt
636 1313 694 1354 sua
708 1312 801 1354 mane
816 1289 928 1353 ludere
942 1290 1103 1375 primum:

295 1390 343 1454 At
356 1391 441 1455 refer
455 1391 535 1456 mihi
549 1392 638 1456 basia
651 1392 716 1457 heu
731 1393 822 1476 signe
835 1413 900 1456 non
914 1403 984 1456 rata
997 1393 1124 1458 amoris.

294 1626 404 1692 Conde
418 1639 549 1715 pectore
563 1630 618 1715 qvi
632 1652 739 1714 super,
757 1629 860 1693 conde
872 1629 924 1708 sis,
941 1629 1068 1715 glaciali

295 1729 443 1795 Vertices
458 1731 543 1795 nivei
559 1742 695 1810 tument,
712 1753 838 1795 summa
852 1753 931 1815 qvae
945 1731 1022 1816 iuga
1035 1731 1130 1795 flores

292 1831 443 1898 Educent
457 1856 564 1898 roseos
579 1834 695 1920 qvibus
710 1857 743 1898 se
759 1843 891 1898 coronat
906 1833 1048 1919 Aprilis:

294 1933 385 1999 Haec
400 1947 507 2001 tamen
521 1937 610 2022 prius
625 1936 739 2022 algidis
753 1936 841 2001 solve
855 1936 952 2002 corde
966 1936 1096 2001 catenis.

1113 2053 1193 2112 Rs.

567 2849 756 2946 Inscriptio
776 2848 938 2923 Phaseli.

292 3032 341 3096 At
355 3030 471 3110 tenuis,
487 3041 627 3110 narrant,
643 3042 678 3095 at
690 3053 763 3096 sum
777 3031 862 3096 male
876 3030 969 3095 firme
982 3029 1105 3108 eninm

334 3134 383 3199 At
395 3133 499 3198 rabidi
513 3154 637 3217 neqveo
651 3133 784 3197 verbera
797 3133 882 3196 serre
897 3131 967 3198 sali.

291 3237 361 3300 Sim
376 3235 491 3314 tenuis,
507 3235 566 3299 eim
582 3235 675 3299 firma
687 3257 821 3319 parum:
845 3246 952 3299 tamen
968 3233 1069 3298 omnis
1082 3231 1118 3298 in
1131 3232 1197 3297 alto

334 3339 549 3424 Naufragium
563 3338 668 3402 Borea
682 3339 780 3403 flante
795 3338 902 3404 carine
914 3337 1003 3403 facit.

291 3576 376 3640 Tum
388 3597 448 3640 nee
461 3597 576 3660 magne
590 3585 681 3642 tenet
694 3576 803 3656 moles,
821 3599 881 3641 nec
895 3599 1033 3662 qvemea
1046 3583 1194 3651 transtra,

336 3677 402 3742 Sed
414 3677 545 3742 fortuna
558 3679 668 3742 favens
683 3688 717 3742 et
730 3701 789 3743 sua
802 3677 880 3757 feta,
897 3689 1009 3742 ratem.

291 3780 406 3844 Cetera
420 3780 560 3844 confidat
573 3779 665 3844 malis
680 3780 838 3866 remisqve
853 3789 996 3857 caterva3

333 3881 492 3947 Tutentes
505 3882 612 3946 adsint
626 3881 671 3946 dii
686 3881 783 3948 mihi:
808 3904 917 3968 sospes
931 3903 996 3946 ero.
1151 3977 1181 4034 K
