<?xml version="1.0" encoding="UTF-8"?>
<!DOCTYPE html PUBLIC "-//W3C//DTD XHTML 1.0 Transitional//EN"
    "http://www.w3.org/TR/xhtml1/DTD/xhtml1-transitional.dtd">
<html xmlns="http://www.w3.org/1999/xhtml" xml:lang="en" lang="en">
 <head>
  <title>
</title>
<meta http-equiv="Content-Type" content="text/html;charset=utf-8" />
  <meta name='ocr-system' content='tesseract 3.04.00' />
  <meta name='ocr-capabilities' content='ocr_page ocr_carea ocr_par ocr_line ocrx_word'/>
</head>
<body>
  <div class='ocr_page' id='page_1' title='image "./sabrinaecorolla00shrgoog_0181.png"; bbox 0 0 3250 4692; ppageno 0'>
   <div class='ocr_carea' id='block_1_1' title="bbox 573 405 1262 457">
    <p class='ocr_par' dir='ltr' id='par_1_1' title="bbox 573 405 1262 457">
     <span class='ocr_line' id='line_1_1' title="bbox 573 405 1262 457; baseline 0.004 -4"><span class='ocrx_word' id='word_1_1' title='bbox 573 405 758 455; x_wconf 83' lang='lat' dir='ltr'>SABRINAE</span> <span class='ocrx_word' id='word_1_2' title='bbox 778 406 953 455; x_wconf 84' lang='lat' dir='ltr'><strong>COROLLA.</strong></span> <span class='ocrx_word' id='word_1_3' title='bbox 1217 407 1262 457; x_wconf 79' lang='lat'><strong>147</strong></span> 
     </span>
    </p>
   </div>
   <div class='ocr_carea' id='block_1_2' title="bbox 300 572 1181 864">
    <p class='ocr_par' dir='ltr' id='par_1_2' title="bbox 300 572 1181 864">
     <span class='ocr_line' id='line_1_2' title="bbox 300 572 1041 660; baseline -0.003 -21"><span class='ocrx_word' id='word_1_4' title='bbox 300 574 383 660; x_wconf 85' lang='lat' dir='ltr'>Apis</span> <span class='ocrx_word' id='word_1_5' title='bbox 397 596 493 639; x_wconf 87' lang='lat' dir='ltr'><strong>aurea</strong></span> <span class='ocrx_word' id='word_1_6' title='bbox 508 572 646 639; x_wconf 86' lang='lat' dir='ltr'><strong>otiatur:</strong></span> <span class='ocrx_word' id='word_1_7' title='bbox 670 575 726 639; x_wconf 91' lang='lat' dir='ltr'><strong>sed</strong></span> <span class='ocrx_word' id='word_1_8' title='bbox 741 597 800 659; x_wconf 85' lang='lat' dir='ltr'><strong>ego</strong></span> <span class='ocrx_word' id='word_1_9' title='bbox 815 573 911 639; x_wconf 86' lang='lat' dir='ltr'><strong>unica</strong></span> <span class='ocrx_word' id='word_1_10' title='bbox 924 572 1041 657; x_wconf 85' lang='lat' dir='ltr'><strong>vigilo;</strong></span> 
     </span>
     <span class='ocr_line' id='line_1_3' title="bbox 301 675 1181 761; baseline -0.002 -22"><span class='ocrx_word' id='word_1_11' title='bbox 301 675 397 740; x_wconf 89' lang='lat' dir='ltr'>Oculi</span> <span class='ocrx_word' id='word_1_12' title='bbox 411 677 542 741; x_wconf 87' lang='lat' dir='ltr'><strong>madent</strong></span> <span class='ocrx_word' id='word_1_13' title='bbox 557 678 702 756; x_wconf 86' lang='lat' dir='ltr'><strong>fluentes,</strong></span> <span class='ocrx_word' id='word_1_14' title='bbox 720 677 902 761; x_wconf 86' lang='lat' dir='ltr'><strong>cruciatqve</strong></span> <span class='ocrx_word' id='word_1_15' title='bbox 917 698 1005 739; x_wconf 88' lang='lat' dir='ltr'><strong>amor</strong></span> <span class='ocrx_word' id='word_1_16' title='bbox 1019 675 1161 739; x_wconf 90' lang='lat' dir='ltr'><strong>animum</strong></span> <span class='ocrx_word' id='word_1_17' title='bbox 1173 701 1181 754; x_wconf 80' lang='lat'>3</span> 
     </span>
     <span class='ocr_line' id='line_1_4' title="bbox 300 777 1145 864; baseline 0 -23"><span class='ocrx_word' id='word_1_18' title='bbox 300 779 439 843; x_wconf 86' lang='lat' dir='ltr'><strong>Animus</strong></span> <span class='ocrx_word' id='word_1_19' title='bbox 453 778 587 844; x_wconf 82' lang='lat' dir='ltr'><strong>labascit</strong></span> <span class='ocrx_word' id='word_1_20' title='bbox 600 802 713 864; x_wconf 86' lang='lat' dir='ltr'><strong>aeger:</strong></span> <span class='ocrx_word' id='word_1_21' title='bbox 738 781 890 844; x_wconf 85' lang='lat' dir='ltr'><strong>tenebrae</strong></span> <span class='ocrx_word' id='word_1_22' title='bbox 905 800 1002 864; x_wconf 89' lang='lat' dir='ltr'><strong>super</strong></span> <span class='ocrx_word' id='word_1_23' title='bbox 1016 777 1145 855; x_wconf 88' lang='lat' dir='ltr'><strong>oculos;</strong></span> 
     </span>
    </p>
   </div>
   <div class='ocr_carea' id='block_1_3' title="bbox 299 880 1200 1039">
    <p class='ocr_par' dir='ltr' id='par_1_3' title="bbox 299 880 1200 1039">
     <span class='ocr_line' id='line_1_5' title="bbox 299 880 981 967; baseline 0.001 -23"><span class='ocrx_word' id='word_1_24' title='bbox 299 880 484 967; x_wconf 86' lang='lat' dir='ltr'><strong>Taedetqve</strong></span> <span class='ocrx_word' id='word_1_25' title='bbox 499 905 551 946; x_wconf 91' lang='lat' dir='ltr'><strong>me</strong></span> <span class='ocrx_word' id='word_1_26' title='bbox 567 882 651 945; x_wconf 85' lang='lat' dir='ltr'><strong>tueri</strong></span> <span class='ocrx_word' id='word_1_27' title='bbox 665 882 773 967; x_wconf 86' lang='lat' dir='ltr'><strong>superi</strong></span> <span class='ocrx_word' id='word_1_28' title='bbox 787 882 891 967; x_wconf 88' lang='lat' dir='ltr'><strong>spatia</strong></span> <span class='ocrx_word' id='word_1_29' title='bbox 904 880 981 966; x_wconf 90' lang='lat' dir='ltr'><strong>poli.</strong></span> 
     </span>
     <span class='ocr_line' id='line_1_6' title="bbox 1118 982 1200 1039; baseline -0.012 0"><span class='ocrx_word' id='word_1_30' title='bbox 1118 982 1152 1039; x_wconf 81' lang='lat' dir='ltr'><strong>R.</strong></span> <span class='ocrx_word' id='word_1_31' title='bbox 1167 982 1200 1038; x_wconf 93' lang='lat' dir='ltr'><strong>B.</strong></span> 
     </span>
    </p>
   </div>
   <div class='ocr_carea' id='block_1_4' title="bbox 699 1496 811 1571">
    <p class='ocr_par' dir='ltr' id='par_1_4' title="bbox 699 1496 811 1571">
     <span class='ocr_line' id='line_1_7' title="bbox 699 1496 811 1571; baseline 0.009 -1"><span class='ocrx_word' id='word_1_32' title='bbox 699 1496 811 1571; x_wconf 80' lang='lat' dir='ltr'><strong>Rosa.</strong></span> 
     </span>
    </p>
   </div>
   <div class='ocr_carea' id='block_1_5' title="bbox 254 1681 1181 2080">
    <p class='ocr_par' dir='ltr' id='par_1_5' title="bbox 254 1681 1181 2080">
     <span class='ocr_line' id='line_1_8' title="bbox 254 1681 1065 1768; baseline -0.005 -19"><span class='ocrx_word' id='word_1_33' title='bbox 254 1686 271 1749; x_wconf 93' lang='grc' dir='ltr'>Ι</span> <span class='ocrx_word' id='word_1_34' title='bbox 287 1707 368 1765; x_wconf 89' lang='lat' dir='ltr'><strong>rosa,</strong></span> <span class='ocrx_word' id='word_1_35' title='bbox 385 1686 444 1749; x_wconf 88' lang='lat' dir='ltr'><strong>flos</strong></span> <span class='ocrx_word' id='word_1_36' title='bbox 459 1685 596 1749; x_wconf 89' lang='lat' dir='ltr'>florum:</span> <span class='ocrx_word' id='word_1_37' title='bbox 622 1705 716 1767; x_wconf 89' lang='lat' dir='ltr'>qvom</span> <span class='ocrx_word' id='word_1_38' title='bbox 733 1694 765 1747; x_wconf 89' lang='lat' dir='ltr'><strong>te</strong></span> <span class='ocrx_word' id='word_1_39' title='bbox 780 1683 986 1768; x_wconf 86' lang='lat' dir='ltr'><strong>conspexerit</strong></span> <span class='ocrx_word' id='word_1_40' title='bbox 1000 1681 1065 1760; x_wconf 90' lang='lat' dir='ltr'><strong>illa,</strong></span> 
     </span>
     <span class='ocr_line' id='line_1_9' title="bbox 297 1787 1049 1875; baseline -0.009 -18"><span class='ocrx_word' id='word_1_41' title='bbox 297 1790 387 1857; x_wconf 85' lang='lat' dir='ltr'><strong>Qvae</strong></span> <span class='ocrx_word' id='word_1_42' title='bbox 402 1801 591 1875; x_wconf 85' lang='lat' dir='ltr'><strong>tempusqve</strong></span> <span class='ocrx_word' id='word_1_43' title='bbox 605 1810 700 1851; x_wconf 87' lang='lat' dir='ltr'><strong>suum</strong></span> <span class='ocrx_word' id='word_1_44' title='bbox 715 1810 829 1873; x_wconf 89' lang='lat' dir='ltr'><strong>meqve</strong></span> <span class='ocrx_word' id='word_1_45' title='bbox 843 1788 948 1873; x_wconf 87' lang='lat' dir='ltr'><strong>perire</strong></span> <span class='ocrx_word' id='word_1_46' title='bbox 963 1787 1049 1864; x_wconf 89' lang='lat' dir='ltr'><strong>sinit,</strong></span> 
     </span>
     <span class='ocr_line' id='line_1_10' title="bbox 255 1891 970 1965; baseline -0.006 -8"><span class='ocrx_word' id='word_1_47' title='bbox 255 1894 297 1958; x_wconf 89' lang='lat' dir='ltr'><strong>Se</strong></span> <span class='ocrx_word' id='word_1_48' title='bbox 312 1894 372 1957; x_wconf 90' lang='lat' dir='ltr'><strong>tibi</strong></span> <span class='ocrx_word' id='word_1_49' title='bbox 387 1892 524 1957; x_wconf 87' lang='lat' dir='ltr'><strong>conferri</strong></span> <span class='ocrx_word' id='word_1_50' title='bbox 538 1892 640 1955; x_wconf 84' lang='lat' dir='ltr'><strong>discet</strong></span> <span class='ocrx_word' id='word_1_51' title='bbox 653 1914 705 1955; x_wconf 92' lang='lat' dir='ltr'><strong>me</strong></span> <span class='ocrx_word' id='word_1_52' title='bbox 719 1891 845 1965; x_wconf 85' lang='lat' dir='ltr'><strong>iudice;</strong></span> <span class='ocrx_word' id='word_1_53' title='bbox 869 1891 970 1954; x_wconf 90' lang='lat' dir='ltr'><strong>discet</strong></span> 
     </span>
     <span class='ocr_line' id='line_1_11' title="bbox 297 1994 1181 2080; baseline -0.006 -16"><span class='ocrx_word' id='word_1_54' title='bbox 297 1997 401 2064; x_wconf 85' lang='lat' dir='ltr'><strong>Qvam</strong></span> <span class='ocrx_word' id='word_1_55' title='bbox 417 1996 531 2075; x_wconf 89' lang='lat' dir='ltr'><strong>suavis,</strong></span> <span class='ocrx_word' id='word_1_56' title='bbox 548 2018 640 2080; x_wconf 87' lang='lat' dir='ltr'><strong>qvam</strong></span> <span class='ocrx_word' id='word_1_57' title='bbox 656 1995 697 2059; x_wconf 91' lang='lat' dir='ltr'><strong>sit</strong></span> <span class='ocrx_word' id='word_1_58' title='bbox 712 1995 856 2073; x_wconf 87' lang='lat' dir='ltr'><strong>candida,</strong></span> <span class='ocrx_word' id='word_1_59' title='bbox 874 2016 1030 2080; x_wconf 84' lang='lat' dir='ltr'><strong>qvamqve</strong></span> <span class='ocrx_word' id='word_1_60' title='bbox 1043 1994 1181 2080; x_wconf 89' lang='lat' dir='ltr'><strong>placens.</strong></span> 
     </span>
    </p>
   </div>
   <div class='ocr_carea' id='block_1_6' title="bbox 254 2199 1192 2593">
    <p class='ocr_par' dir='ltr' id='par_1_6' title="bbox 254 2199 1192 2389">
     <span class='ocr_line' id='line_1_12' title="bbox 254 2199 1192 2287; baseline -0.003 -21"><span class='ocrx_word' id='word_1_61' title='bbox 254 2202 368 2287; x_wconf 86' lang='lat' dir='ltr'><strong>Tuqve</strong></span> <span class='ocrx_word' id='word_1_62' title='bbox 382 2224 476 2266; x_wconf 91' lang='lat' dir='ltr'><strong>mone</strong></span> <span class='ocrx_word' id='word_1_63' title='bbox 491 2200 676 2286; x_wconf 85' lang='lat' dir='ltr'><strong>nympham,</strong></span> <span class='ocrx_word' id='word_1_64' title='bbox 693 2222 773 2285; x_wconf 85' lang='lat' dir='ltr'><strong>qvae</strong></span> <span class='ocrx_word' id='word_1_65' title='bbox 787 2200 892 2285; x_wconf 84' lang='lat' dir='ltr'><strong>primo</strong></span> <span class='ocrx_word' id='word_1_66' title='bbox 906 2201 940 2264; x_wconf 91' lang='lat' dir='ltr'><strong>in</strong></span> <span class='ocrx_word' id='word_1_67' title='bbox 954 2223 1028 2265; x_wconf 84' lang='lat' dir='ltr'><strong>vere</strong></span> <span class='ocrx_word' id='word_1_68' title='bbox 1042 2199 1192 2263; x_wconf 85' lang='lat' dir='ltr'><strong>iuventae</strong></span> 
     </span>
     <span class='ocr_line' id='line_1_13' title="bbox 297 2302 954 2389; baseline -0.003 -20"><span class='ocrx_word' id='word_1_69' title='bbox 297 2305 488 2389; x_wconf 84' lang='lat' dir='ltr'><strong>Virgineum</strong></span> <span class='ocrx_word' id='word_1_70' title='bbox 503 2302 586 2367; x_wconf 86' lang='lat' dir='ltr'><strong>celat</strong></span> <span class='ocrx_word' id='word_1_71' title='bbox 599 2303 694 2388; x_wconf 91' lang='lat' dir='ltr'><strong>plena</strong></span> <span class='ocrx_word' id='word_1_72' title='bbox 708 2302 833 2388; x_wconf 88' lang='lat' dir='ltr'><strong>pudore</strong></span> <span class='ocrx_word' id='word_1_73' title='bbox 847 2303 954 2381; x_wconf 86' lang='lat' dir='ltr'><strong>decus,</strong></span> 
     </span>
    </p>

    <p class='ocr_par' dir='ltr' id='par_1_7' title="bbox 254 2404 984 2593">
     <span class='ocr_line' id='line_1_14' title="bbox 254 2404 984 2483; baseline -0.003 -12"><span class='ocrx_word' id='word_1_74' title='bbox 254 2407 302 2471; x_wconf 94' lang='lat' dir='ltr'><strong>Ut</strong></span> <span class='ocrx_word' id='word_1_75' title='bbox 318 2406 462 2471; x_wconf 87' lang='lat' dir='ltr'><strong>clausura</strong></span> <span class='ocrx_word' id='word_1_76' title='bbox 478 2406 549 2483; x_wconf 89' lang='lat' dir='ltr'><strong>tibi,</strong></span> <span class='ocrx_word' id='word_1_77' title='bbox 566 2407 592 2471; x_wconf 86' lang='lat' dir='ltr'><strong>si</strong></span> <span class='ocrx_word' id='word_1_78' title='bbox 608 2416 641 2469; x_wconf 92' lang='lat' dir='ltr'><strong>te</strong></span> <span class='ocrx_word' id='word_1_79' title='bbox 658 2404 729 2469; x_wconf 89' lang='lat' dir='ltr'><strong>loca</strong></span> <span class='ocrx_word' id='word_1_80' title='bbox 743 2405 810 2469; x_wconf 88' lang='lat' dir='ltr'><strong>sola</strong></span> <span class='ocrx_word' id='word_1_81' title='bbox 825 2406 984 2483; x_wconf 88' lang='lat' dir='ltr'><strong>tulissent,</strong></span> 
     </span>
     <span class='ocr_line' id='line_1_15' title="bbox 296 2507 958 2593; baseline -0.003 -20"><span class='ocrx_word' id='word_1_82' title='bbox 296 2509 466 2593; x_wconf 86' lang='lat' dir='ltr'><strong>Exiguum</strong></span> <span class='ocrx_word' id='word_1_83' title='bbox 480 2508 579 2572; x_wconf 83' lang='lat' dir='ltr'><strong>fuerit</strong></span> <span class='ocrx_word' id='word_1_84' title='bbox 594 2529 678 2571; x_wconf 88' lang='lat' dir='ltr'><strong>mors</strong></span> <span class='ocrx_word' id='word_1_85' title='bbox 691 2507 849 2571; x_wconf 88' lang='lat' dir='ltr'><strong>inhonora</strong></span> <span class='ocrx_word' id='word_1_86' title='bbox 863 2507 958 2571; x_wconf 89' lang='lat' dir='ltr'><strong>diem.</strong></span> 
     </span>
    </p>
   </div>
   <div class='ocr_carea' id='block_1_7' title="bbox 253 2711 1039 3103">
    <p class='ocr_par' dir='ltr' id='par_1_8' title="bbox 253 2711 1039 2899">
     <span class='ocr_line' id='line_1_16' title="bbox 253 2711 1039 2801; baseline -0.006 -21"><span class='ocrx_word' id='word_1_87' title='bbox 253 2715 361 2781; x_wconf 89' lang='lat' dir='ltr'><strong>Vilius</strong></span> <span class='ocrx_word' id='word_1_88' title='bbox 376 2727 425 2779; x_wconf 90' lang='lat' dir='ltr'><strong>est</strong></span> <span class='ocrx_word' id='word_1_89' title='bbox 438 2714 580 2801; x_wconf 84' lang='lat' dir='ltr'><strong>pretium</strong></span> <span class='ocrx_word' id='word_1_90' title='bbox 594 2711 748 2796; x_wconf 86' lang='lat' dir='ltr'><strong>fugientis</strong></span> <span class='ocrx_word' id='word_1_91' title='bbox 763 2712 886 2776; x_wconf 90' lang='lat' dir='ltr'><strong>lumina</strong></span> <span class='ocrx_word' id='word_1_92' title='bbox 900 2712 1039 2776; x_wconf 87' lang='lat' dir='ltr'><strong>formae:</strong></span> 
     </span>
     <span class='ocr_line' id='line_1_17' title="bbox 297 2814 965 2899; baseline -0.007 -18"><span class='ocrx_word' id='word_1_93' title='bbox 297 2818 437 2883; x_wconf 79' lang='lat' dir='ltr'><strong>Prodest</strong></span> <span class='ocrx_word' id='word_1_94' title='bbox 452 2816 577 2880; x_wconf 88' lang='lat' dir='ltr'><strong>abiecto</strong></span> <span class='ocrx_word' id='word_1_95' title='bbox 592 2814 734 2899; x_wconf 86' lang='lat' dir='ltr'><strong>nympha</strong></span> <span class='ocrx_word' id='word_1_96' title='bbox 748 2814 863 2878; x_wconf 90' lang='lat' dir='ltr'><strong>timore</strong></span> <span class='ocrx_word' id='word_1_97' title='bbox 877 2814 965 2891; x_wconf 91' lang='lat' dir='ltr'><strong>iube,</strong></span> 
     </span>
    </p>

    <p class='ocr_par' dir='ltr' id='par_1_9' title="bbox 254 2916 974 3103">
     <span class='ocr_line' id='line_1_18' title="bbox 254 2916 974 3004; baseline -0.007 -21"><span class='ocrx_word' id='word_1_98' title='bbox 254 2920 358 3004; x_wconf 87' lang='lat' dir='ltr'><strong>Seqve</strong></span> <span class='ocrx_word' id='word_1_99' title='bbox 374 2918 436 2982; x_wconf 91' lang='lat' dir='ltr'><strong>coli</strong></span> <span class='ocrx_word' id='word_1_100' title='bbox 450 2918 533 2981; x_wconf 87' lang='lat' dir='ltr'><strong>sinat</strong></span> <span class='ocrx_word' id='word_1_101' title='bbox 548 2928 581 2980; x_wconf 89' lang='lat' dir='ltr'><strong>et</strong></span> <span class='ocrx_word' id='word_1_102' title='bbox 596 2916 681 3000; x_wconf 82' lang='lat' dir='ltr'><strong>cingi</strong></span> <span class='ocrx_word' id='word_1_103' title='bbox 695 2916 832 2980; x_wconf 87' lang='lat' dir='ltr'><strong>mirante</strong></span> <span class='ocrx_word' id='word_1_104' title='bbox 847 2937 974 2993; x_wconf 88' lang='lat' dir='ltr'><strong>corona,</strong></span> 
     </span>
     <span class='ocr_line' id='line_1_19' title="bbox 296 3017 938 3103; baseline -0.005 -18"><span class='ocrx_word' id='word_1_105' title='bbox 296 3022 367 3085; x_wconf 93' lang='lat' dir='ltr'><strong>Nec</strong></span> <span class='ocrx_word' id='word_1_106' title='bbox 381 3022 497 3085; x_wconf 88' lang='lat' dir='ltr'><strong>rubeat</strong></span> <span class='ocrx_word' id='word_1_107' title='bbox 512 3042 605 3083; x_wconf 90' lang='lat' dir='ltr'><strong>curae</strong></span> <span class='ocrx_word' id='word_1_108' title='bbox 621 3018 696 3082; x_wconf 87' lang='lat' dir='ltr'><strong>mile</strong></span> <span class='ocrx_word' id='word_1_109' title='bbox 711 3017 810 3082; x_wconf 84' lang='lat' dir='ltr'><strong>fuisse</strong></span> <span class='ocrx_word' id='word_1_110' title='bbox 825 3018 938 3103; x_wconf 87' lang='lat' dir='ltr'><strong>procis.</strong></span> 
     </span>
    </p>
   </div>
   <div class='ocr_carea' id='block_1_8' title="bbox 253 3221 1226 3618">
    <p class='ocr_par' dir='ltr' id='par_1_10' title="bbox 255 3221 1226 3411">
     <span class='ocr_line' id='line_1_20' title="bbox 255 3221 1226 3309; baseline -0.006 -18"><span class='ocrx_word' id='word_1_111' title='bbox 255 3227 339 3292; x_wconf 88' lang='lat' dir='ltr'><strong>Tum</strong></span> <span class='ocrx_word' id='word_1_112' title='bbox 355 3247 489 3302; x_wconf 90' lang='lat' dir='ltr'><strong>morere,</strong></span> <span class='ocrx_word' id='word_1_113' title='bbox 506 3233 544 3287; x_wconf 94' lang='lat' dir='ltr'><strong>ut</strong></span> <span class='ocrx_word' id='word_1_114' title='bbox 559 3222 711 3309; x_wconf 84' lang='lat' dir='ltr'><strong>qvidqvid</strong></span> <span class='ocrx_word' id='word_1_115' title='bbox 726 3222 789 3285; x_wconf 89' lang='lat' dir='ltr'><strong>rari</strong></span> <span class='ocrx_word' id='word_1_116' title='bbox 805 3233 854 3285; x_wconf 88' lang='lat' dir='ltr'><strong>est</strong></span> <span class='ocrx_word' id='word_1_117' title='bbox 870 3244 949 3307; x_wconf 89' lang='lat' dir='ltr'><strong>qvae</strong></span> <span class='ocrx_word' id='word_1_118' title='bbox 965 3221 1030 3285; x_wconf 85' lang='lat' dir='ltr'><strong>fata</strong></span> <span class='ocrx_word' id='word_1_119' title='bbox 1044 3233 1226 3306; x_wconf 90' lang='lat' dir='ltr'><strong>seqvantur,</strong></span> 
     </span>
     <span class='ocr_line' id='line_1_21' title="bbox 297 3324 910 3411; baseline -0.005 -19"><span class='ocrx_word' id='word_1_120' title='bbox 297 3329 423 3393; x_wconf 87' lang='lat' dir='ltr'><strong>Sentiat</strong></span> <span class='ocrx_word' id='word_1_121' title='bbox 438 3326 588 3411; x_wconf 83' lang='lat' dir='ltr'><strong>exemplo</strong></span> <span class='ocrx_word' id='word_1_122' title='bbox 603 3326 697 3390; x_wconf 87' lang='lat' dir='ltr'><strong>docta</strong></span> <span class='ocrx_word' id='word_1_123' title='bbox 709 3324 819 3410; x_wconf 90' lang='lat' dir='ltr'><strong>puella</strong></span> <span class='ocrx_word' id='word_1_124' title='bbox 834 3336 910 3402; x_wconf 79' lang='lat' dir='ltr'><strong>tuo3</strong></span> 
     </span>
    </p>

    <p class='ocr_par' dir='ltr' id='par_1_11' title="bbox 253 3426 1057 3618">
     <span class='ocr_line' id='line_1_22' title="bbox 253 3426 1037 3515; baseline -0.01 -16"><span class='ocrx_word' id='word_1_125' title='bbox 253 3432 358 3499; x_wconf 85' lang='lat' dir='ltr'><strong>Qvam</strong></span> <span class='ocrx_word' id='word_1_126' title='bbox 373 3431 436 3495; x_wconf 92' lang='lat' dir='ltr'><strong>cita</strong></span> <span class='ocrx_word' id='word_1_127' title='bbox 450 3429 606 3515; x_wconf 88' lang='lat' dir='ltr'><strong>pernicies</strong></span> <span class='ocrx_word' id='word_1_128' title='bbox 620 3428 723 3513; x_wconf 88' lang='lat' dir='ltr'><strong>rapiat</strong></span> <span class='ocrx_word' id='word_1_129' title='bbox 738 3427 892 3492; x_wconf 86' lang='lat' dir='ltr'><strong>miracula</strong></span> <span class='ocrx_word' id='word_1_130' title='bbox 905 3426 1037 3505; x_wconf 85' lang='lat' dir='ltr'><strong>formae,</strong></span> 
     </span>
     <span class='ocr_line' id='line_1_23' title="bbox 297 3531 1057 3618; baseline -0.005 -17"><span class='ocrx_word' id='word_1_131' title='bbox 297 3536 401 3601; x_wconf 80' lang='lat' dir='ltr'><strong>Qvam</strong></span> <span class='ocrx_word' id='word_1_132' title='bbox 416 3555 535 3618; x_wconf 89' lang='lat' dir='ltr'><strong>paucos</strong></span> <span class='ocrx_word' id='word_1_133' title='bbox 549 3533 689 3597; x_wconf 87' lang='lat' dir='ltr'><strong>habeant</strong></span> <span class='ocrx_word' id='word_1_134' title='bbox 703 3532 809 3597; x_wconf 84' lang='lat' dir='ltr'><strong>suavia</strong></span> <span class='ocrx_word' id='word_1_135' title='bbox 825 3554 967 3618; x_wconf 86' lang='lat' dir='ltr'><strong>qvaeqve</strong></span> <span class='ocrx_word' id='word_1_136' title='bbox 980 3531 1057 3597; x_wconf 86' lang='lat' dir='ltr'><strong>dies.</strong></span> 
     </span>
    </p>
   </div>
   <div class='ocr_carea' id='block_1_9' title="bbox 0 0 1630 4692">
    <p class='ocr_par' dir='ltr' id='par_1_12' title="bbox 0 0 1630 4692">
     <span class='ocr_line' id='line_1_24' title="bbox 0 0 1630 4692; baseline 0 1"><span class='ocrx_word' id='word_1_137' title='bbox 0 0 1630 4692; x_wconf 95' lang='lat' dir='ltr'><strong> </strong></span> 
     </span>
    </p>
   </div>
  </div>
 </body>
</html>
