3250 4692
555 433 739 485 SABRINAE
757 431 933 483 cottona

628 736 729 810 Arva
747 736 860 808 beuta.

416 916 535 981 Narras
549 917 589 979 de
603 916 745 995 meliore,
762 927 875 994 mater,
892 939 965 982 ora:

415 1019 539 1084 Felices
552 1020 598 1083 ibi
614 1020 692 1083 dicis
706 1019 901 1083 incolentes:

417 1122 491 1201 Dic,
507 1133 619 1201 mater,
636 1121 736 1185 nitida
752 1132 801 1185 est
815 1122 873 1185 ubi
887 1120 944 1184 illa
958 1120 1077 1185 tellus?

416 1223 457 1299 0,
474 1224 500 1287 si
515 1224 611 1288 fletus
622 1224 724 1302 abest,
741 1245 850 1287 eamus
864 1222 954 1288 illuc.

417 1327 513 1390 Anne
529 1337 588 1405 est,
603 1349 700 1391 aurea
713 1326 798 1389 mala
811 1348 873 1411 qva
887 1336 1063 1403 coruscant,

416 1429 463 1493 Et
476 1451 585 1493 musca
597 1430 723 1493 radiant
736 1430 890 1513 flagrante
905 1429 1002 1513 myrti
1013 1431 1070 1493 2—

417 1532 481 1596 Illo
495 1533 530 1596 in
544 1533 648 1611 litore,
664 1533 709 1596 mi
723 1531 843 1619 puelle,
857 1554 922 1595 non
937 1544 995 1596 est.

417 1706 513 1769 Anne
529 1714 587 1782 est,
604 1727 665 1789 qva
678 1704 805 1789 gracilis
819 1728 943 1769 comare
958 1704 1065 1791 palma

417 1807 612 1893 Maturoqve
626 1808 708 1872 solet
721 1820 846 1873 tumere
860 1808 969 1872 fructu
982 1835 989 1886 3

418 1909 491 1977 Qva
504 1910 682 1975 virentibus
696 1909 809 1973 insulis
823 1909 984 1995 profunda

416 2013 556 2093 Lucent,
571 2026 605 2078 et
619 2014 778 2099 zephyros
792 2014 905 2077 odorat
919 2014 1022 2092 arbos,

418 2115 629 2200 Stellatasqve
644 2116 751 2179 avium
766 2115 950 2201 triumphus
964 2116 1029 2180 alas

417 2217 523 2282 Effert
537 2218 708 2301 omnigeno
723 2217 829 2281 nitore
843 2217 945 2302 pietas
955 2219 1012 2281 i—

418 2320 481 2385 Illo
494 2322 528 2384 in
541 2320 647 2399 litore,
663 2320 708 2383 mi
723 2320 842 2403 puelle,
858 2342 922 2383 non
938 2329 996 2385 est.

418 2492 474 2555 An
488 2492 609 2554 mundo
622 2491 737 2576 procul
750 2490 881 2555 abditur
895 2501 1035 2569 vetust0‚

420 2594 493 2662 Qua
507 2595 626 2657 flumen
641 2595 727 2679 rapit
741 2616 854 2658 aureas
868 2617 997 2672 arenas3

420 2695 493 2763 Qva
506 2706 627 2759 secreta
641 2696 768 2759 vibrant
781 2718 841 2781 per
855 2706 946 2759 antra
960 2695 1066 2760 lucem

419 2799 577 2862 Geminae
591 2797 793 2861 multicolora
807 2797 1008 2881 fulgurantes

418 2901 506 2965 Hine
520 2900 609 2964 illine
623 2900 724 2977 radio,
741 2900 941 2985 coralliisqve

419 3004 516 3069 Litus
529 3002 683 3067 sternitur
697 3015 792 3087 atqve
806 3002 987 3086 margaritis
1000 3004 1057 3065 2-

419 3107 483 3172 Illo
497 3108 531 3170 in
544 3106 651 3184 litore,
667 3106 713 3169 mi
726 3105 846 3189 puelle,
863 3128 928 3169 non
943 3117 1001 3169 est.

418 3278 528 3344 Nullis
541 3276 598 3342 illa
612 3276 723 3355 oculis,
739 3276 859 3363 puelle,
875 3276 942 3341 visa
957 3288 1023 3341 est:

420 3381 522 3446 Nulla
537 3402 662 3445 carmen
677 3381 712 3443 in
727 3402 803 3443 aure
818 3380 1005 3445 cantitavit:

418 3485 563 3567 Fingunt
577 3483 700 3547 somnia
712 3481 803 3547 nulla
818 3494 883 3547 tam
899 3506 1052 3561 serenam,

420 3586 493 3654 Qva
507 3609 591 3649 mors
606 3584 734 3649 exsulet
749 3596 783 3647 et
797 3584 934 3669 querela,
952 3595 1083 3649 terram:

420 3688 474 3752 Illi
489 3689 591 3752 nescit
605 3688 690 3750 edax
704 3709 820 3750 nocere
837 3698 983 3772 tempus:

419 3792 506 3856 Nam
520 3802 606 3854 trans
620 3788 733 3853 nubila
746 3800 844 3868 vasta,
859 3800 945 3853 trans
959 3789 1155 3876 sepulcrum,

420 3892 555 3972 Vernat‚
571 3915 643 3957 care
657 3914 749 3978 puer,
765 3892 861 3956 beata
876 3892 982 3957 tellus.

1154 3992 1191 4049 K.
