3250 4692
591 418 774 471 SABRINAE
793 419 968 471 COROLLA.

600 722 722 799 Grata
741 724 954 801 Posteritae.

448 912 537 979 Qvid
550 913 773 978 dominantum
788 914 887 979 decus
900 927 949 979 est
963 924 1100 995 tentum,

448 1016 701 1100 Magnificentia‚
717 1039 848 1102 pompa,
863 1019 1033 1102 potentia?

449 1117 557 1183 Labor
571 1118 740 1197 insuavior‚
757 1141 859 1204 angor
872 1121 1007 1203 gravior.

450 1220 540 1287 Qvae
555 1230 631 1284 sunt
645 1223 801 1286 munera?
845 1221 932 1286 Laus
946 1232 1021 1307 post
1035 1221 1160 1302 funera,

447 1322 589 1408 Voxqve
604 1324 732 1408 piorum
746 1333 838 1408 grata
851 1325 1005 1389 virorum.

448 1423 519 1489 Ver
531 1434 606 1509 post
618 1447 707 1488 rores
721 1425 821 1509 spirat
836 1426 959 1503 odores,

448 1526 631 1610 Suevesqve
646 1526 744 1611 dapes
758 1526 903 1591 condunt
916 1526 979 1591 sibi
993 1550 1086 1612 apes;

450 1627 555 1691 Suave
570 1649 686 1691 canoro
701 1627 822 1691 sociata
835 1628 932 1693 choro

449 1729 579 1794 Fidium
593 1731 641 1795 vis
656 1740 723 1794 est:
740 1730 870 1795 suavius
883 1732 935 1797 his
950 1742 999 1796 est

449 1832 636 1896 Grandibus
651 1831 729 1896 actis
745 1842 778 1895 et
791 1834 875 1897 bene
889 1834 983 1899 fectis

447 1934 537 1998 Bene
553 1933 687 1997 dicentis
702 1956 767 1998 vox
781 1934 838 2019 pia
851 1937 977 2001 mentis.

679 2188 880 2201 —u-——-

715 2382 754 2457 F
753 2382 837 2457 ides.

318 2574 438 2640 Laesus
451 2574 486 2638 in
499 2574 561 2638 hoc
574 2572 738 2658 fessusqve
753 2574 826 2638 sinu
839 2584 926 2659 pete,
944 2574 1046 2653 dame,
1063 2574 1221 2661 qvietem3

359 2676 466 2745 Qvom
480 2676 558 2739 socii
572 2675 713 2759 fugiunt,
727 2675 781 2739 hie
796 2675 857 2739 tibi
872 2686 959 2739 certe
972 2674 1105 2754 domun

319 2779 384 2845 Hic
399 2780 461 2843 tibi
475 2779 558 2843 risus
572 2779 663 2842 adest
677 2787 711 2841 et
725 2778 786 2843 lux
799 2777 946 2842 innubila
959 2777 1085 2856 frontis,

360 2882 407 2946 Et
421 2904 511 2945 mens
524 2891 682 2966 perpetua
692 2881 809 2965 juncte
822 2902 997 2966 menusqve
1011 2880 1085 2945 fide.

319 3068 375 3134 Ah
391 3068 467 3154 qvid
481 3090 570 3132 amor
583 3068 734 3152 prodesse
747 3067 845 3145 valet,
860 3068 895 3131 ni
909 3090 1034 3153 semper
1048 3067 1187 3132 eundem

363 3171 493 3235 Gaudia
508 3180 542 3233 et
555 3192 736 3251 aerumnae,
752 3170 839 3235 fama
851 3169 1031 3255 pudorqve,
1046 3170 1180 3235 vident?

320 3273 390 3339 Nec
404 3274 481 3353 sci0,
496 3294 555 3337 nec
571 3294 698 3358 qvaero,
715 3272 884 3359 culpamne
898 3272 932 3335 in
946 3282 1076 3358 pectore
1091 3270 1192 3349 eeles;

363 3374 438 3439 Hoc
452 3374 528 3453 seio,
544 3395 637 3439 carus
652 3374 714 3439 eris
728 3384 766 3439 tu
780 3373 871 3453 mihi,
888 3374 1042 3461 qvidqvid
1056 3374 1127 3439 eris.

320 3564 369 3629 Ut
381 3588 433 3629 me
448 3564 561 3630 dixisti
576 3562 683 3629 media
695 3563 781 3627 inter
793 3561 912 3647 gaudie
925 3562 1041 3642 divam,

362 3666 403 3731 In
417 3668 532 3732 mediis
546 3668 660 3733 eadem
673 3665 734 3729 sim
748 3664 810 3728 tibi
824 3664 897 3728 dive
909 3664 1019 3728 malis:

320 3769 382 3834 Per
396 3771 540 3835 flammas
554 3780 612 3834 tua
624 3790 711 3855 pone
725 3767 815 3853 seqvi
829 3766 973 3849 vestigia,
990 3774 1085 3849 teqve

363 3872 509 3957 Eripere,
526 3882 583 3937 eut
597 3883 704 3935 tecum
719 3868 798 3933 dent
811 3868 891 3932 mihi
905 3866 973 3932 fate
985 3864 1077 3931 mori.
1182 3962 1222 4021 K
