3250 4692
583 426 768 476 sauuiuau
786 429 961 479 COROLLA.

692 790 846 865 Venatio.

336 988 443 1067 Nunc,
461 989 491 1053 Ο
506 991 699 1074 magnanimi
714 991 857 1069 iuvenes,
874 990 1031 1055 effundite
1046 990 1195 1071 habenas,

273 1090 409 1155 Subdite
424 1091 526 1156 calcar
541 1115 633 1178 eqvo,
650 1093 809 1177 crepitans
824 1102 970 1177 torqvete
985 1093 1167 1177 flagellum:

272 1194 413 1258 Venturi
427 1196 604 1281 impavidos
618 1197 724 1282 rapiat
738 1196 838 1260 delira
852 1196 1010 1280 voluptas.

271 1297 359 1361 Saxa
371 1321 429 1383 per
444 1308 477 1362 et
491 1299 588 1362 colles
604 1306 637 1361 et
650 1322 709 1383 per
722 1299 794 1362 loca
808 1320 902 1362 saeva
915 1298 1045 1384 periclis

270 1400 454 1465 Currimus:
479 1412 512 1465 at
526 1401 625 1465 fortes
640 1424 730 1464 mens
744 1422 907 1485 nunqvam
923 1400 1034 1464 deficit
1047 1424 1158 1486 aeqva.

268 1502 401 1565 Frustra
414 1503 589 1569 vorticibus
603 1526 754 1588 spumans
769 1512 940 1567 exaestuat
954 1504 1073 1581 amnis;

269 1604 339 1667 Sub
354 1604 491 1690 pedibus
504 1606 624 1669 frustra
637 1607 785 1691 pandunt
799 1606 987 1669 Acheronta
1001 1605 1144 1670 lacunae.

268 1705 426 1771 Difficiles
440 1707 599 1791 scopulos,
615 1708 673 1772 ubi
688 1718 796 1793 pastor
811 1707 957 1771 lubricus
972 1719 1056 1770 errat

270 1808 462 1893 Talipedans
477 1810 626 1894 omniqve
641 1832 745 1873 moras
760 1810 795 1872 in
808 1810 929 1874 vimine
943 1810 1056 1887 nectit,

269 1912 339 1975 Nos
353 1934 449 1997 super
463 1911 522 1975 bos
536 1912 668 1997 impune
684 1912 847 1977 volamus:
871 1913 998 1997 iamqve
1014 1913 1161 1976 deorsum

268 2014 533 2098 Praecipitamur‚
549 2026 589 2078 ut
602 2014 636 2077 in
650 2015 804 2099 praedam
819 2015 906 2078 Iovis
920 2014 1036 2079 incidit
1050 2014 1134 2092 ales;

269 2116 401 2200 Iamqve
414 2139 473 2201 per
487 2116 654 2179 adversum
670 2116 785 2181 collem
800 2117 958 2180 iactamur
974 2116 1080 2179 eundo

268 2218 379 2282 Aerii:
402 2218 540 2303 pedibus
555 2217 640 2281 celer
654 2218 785 2303 inpetus
800 2218 926 2281 addidit
939 2218 1015 2281 alas.

269 2321 381 2389 Qvalis
394 2320 452 2384 ubi
465 2320 602 2384 hiberno
615 2320 650 2383 in
664 2320 779 2405 pelago
794 2342 881 2384 nunc
896 2342 998 2405 prona
1011 2319 1118 2383 carina

268 2425 422 2489 Decurrit
435 2425 536 2488 latera
549 2424 719 2503 undarum,
736 2446 822 2488 nunc
838 2424 954 2487 emicat
968 2423 1033 2487 alte

269 2528 471 2612 Insultatqve
485 2527 574 2590 vadis
589 2527 736 2612 eqvitans
751 2528 898 2612 ridetqve
913 2527 1097 2611 procellam.

333 2632 407 2697 Qvo
420 2630 578 2694 ferimur?
601 2630 678 2698 Quo
694 2653 752 2695 nos
766 2631 895 2715 rapiens
909 2631 1075 2694 venaticus
1090 2652 1177 2693 error

267 2734 422 2819 Decipit?
466 2732 515 2797 Ut
528 2754 660 2816 gramen
676 2733 846 2796 detonsum
861 2732 947 2797 radit
960 2732 1111 2810 hirundo,

269 2836 323 2899 Sic
338 2835 401 2899 levi
415 2856 510 2898 cursu
525 2856 583 2898 nos
597 2834 707 2898 mollia
721 2835 877 2898 verrimus
891 2858 975 2912 arva,

268 2936 334 3001 Sed
348 2936 459 3000 citiore
474 2934 561 3019 fuga
608 2936 694 3000 Ruit
709 2935 853 3021 undique
867 2936 933 2999 fida
947 2958 1061 2999 canum
1077 2935 1142 3013 vis;

268 3041 400 3125 Iamqve
414 3039 597 3103 catervatim
613 3040 654 3103 ad
668 3038 809 3124 primum
824 3040 1026 3103 concurritur
1039 3062 1165 3123 agmen,

270 3140 355 3205 Tum
370 3164 438 3204 sese
453 3141 613 3227 explicuit
628 3142 724 3226 legio,
741 3142 884 3227 fusisqve
898 3164 957 3227 per
971 3164 1063 3226 agros

271 3241 342 3306 Itur
356 3243 390 3306 in
405 3242 551 3328 obliqvos
567 3244 678 3308 orbes:
703 3243 742 3306 fit
755 3266 921 3322 murmur3
946 3255 1059 3307 euntes

268 3344 333 3408 Ore
349 3355 463 3408 tonant
480 3345 601 3430 patulo.
647 3344 766 3411 Qvales
782 3345 840 3409 ubi
854 3346 889 3409 in
903 3345 1033 3409 aethere
1048 3366 1176 3409 cursum

269 3448 465 3511 Sollemnem
479 3449 584 3512 fecere
598 3470 712 3533 grues:
736 3449 960 3534 petulantibus
974 3448 1033 3512 alis

268 3550 421 3615 Diversae
437 3551 560 3615 variant
575 3552 732 3636 speciem3
758 3552 908 3636 clangore
922 3551 1087 3614 volantum

269 3652 383 3718 Nubes
397 3654 568 3718 insonuere
583 3676 850 3738 repercussaeqve
864 3653 1048 3717 reclamant

1087 3753 1112 3809 Τ
1137 3753 1165 3811 S.
1181 3754 1214 3811 Ε.
