3250 4692
334 744 580 800 SALOPIENSES
601 745 782 800 PRAEMllS
803 745 1033 801 Acsnntsscls
1051 746 1222 802 DlGNATl.

277 1089 410 1150 Scnonmr
424 1091 539 1150 Rsorsn
555 1091 749 1150 Ssnormnsnu
769 1091 903 1149 fundavit
918 1091 983 1149 Rex
996 1091 1148 1151 Eduardus
1164 1093 1282 1152 Sextus:

277 1185 428 1260 vectigalia
446 1185 508 1244 eins
525 1185 607 1243 auxit
623 1184 742 1242 dimidio
758 1192 839 1242 tanto
852 1184 1019 1242 Elisabetha
1031 1185 1150 1262 Regina,
1165 1204 1284 1261 eamque

278 1277 319 1334 itn
332 1277 443 1353 legibus
458 1278 541 1338 bonis
554 1278 689 1350 firmavit,
703 1287 737 1336 ut
749 1297 818 1337 vere
831 1278 912 1336 fieret
924 1278 1039 1351 Libera,
1052 1279 1084 1336 id
1102 1287 1154 1352 est,
1167 1278 1285 1355 publica

278 1380 307 1428 et
320 1370 431 1429 civibus
445 1370 587 1429 universis
601 1379 719 1447 patens:
736 1390 823 1446 qvem
836 1371 896 1427 vim
912 1389 973 1430 esse
989 1371 1133 1430 credimus
1145 1371 1223 1428 vocis
1236 1371 1285 1427 Li-

277 1465 370 1522 berae.
405 1465 504 1540 Itaqre
516 1462 769 1522 Archididnscalus
791 1463 853 1522 eius
873 1463 984 1541 primus
1005 1464 1131 1521 Thomas
1145 1464 1284 1536 Astonus‚

277 1557 323 1614 vir
343 1557 482 1633 egregius,
495 1577 598 1615 novem
616 1558 698 1615 annis
712 1557 867 1634 discipulos
885 1557 1030 1635 inscripsit
1044 1556 1210 1634 Oppidanos
1230 1556 1285 1614 du·

276 1658 372 1708 centos
390 1660 419 1709 et
432 1651 558 1727 triginta,
571 1650 690 1708 Alienos
711 1660 808 1708 autem
827 1650 1032 1727 septingentos:
1053 1669 1175 1726 qvorum
1195 1650 1284 1708 inlus-

277 1741 411 1801 trissume
424 1743 482 1801 dno
495 1743 611 1801 nomina
624 1753 701 1818 sunt,
714 1743 867 1820 Philippus
882 1743 989 1821 Sidney
1002 1751 1032 1800 et
1044 1743 1138 1802 lnlke
1148 1743 1283 1802 Greville.

338 1834 504 1912 ‘Philippus
525 1835 640 1914 Sidney,
653 1835 730 1893 filius
751 1845 780 1893 et
799 1835 883 1892 heres
901 1834 1021 1893 Henrici
1043 1834 1159 1915 Sidney‚
1173 1837 1284 1910 Militis,

276 1927 312 1986 de
324 1928 482 1987 Penshurst
501 1928 533 1986 in
548 1929 693 1986 comitatu
706 1928 834 2001 Certiae,
849 1947 960 1986 necnon
975 1928 1154 1987 Serenissimi
1168 1929 1285 1987 Ordinis

278 2020 402 2080 Garterii
409 2020 528 2094 Militis,’
539 2020 645 2096 Regiae
658 2021 777 2080 Scholae
787 2020 958 2097 Salopiensis
969 2021 1117 2080 ordinibus
1125 2022 1285 2099 adscriptus

278 2123 321 2172 est
338 2113 399 2170 ad
415 2113 474 2171 xri
492 2113 550 2172 Gal.
567 2113 640 2170 Nor.
656 2131 708 2172 ss.
723 2099 843 2170 {ofni—ff.
886 2114 944 2170 Pro
957 2113 1133 2170 Batavorum
1153 2115 1285 2173 libertate

276 2207 396 2283 gloriose
409 2225 540 2284 pugnans
557 2205 659 2264 cecidit
673 2207 780 2264 artium
799 2214 915 2264 centum
929 2205 1041 2264 iuvenis
1056 2223 1107 2264 ns.
1123 2193 1283 2265 ffmTvn

339 2393 449 2452 ‘Fullre
471 2392 593 2470 Gryvill,
615 2391 691 2450 filius
716 2401 745 2450 et
766 2392 850 2450 heres
873 2391 962 2449 Fulki
986 2391 1109 2471 Gryvill,
1129 2393 1285 2470 Armigert

279 2485 315 2544 de
337 2485 522 2563 Beauchamp
548 2486 637 2543 court
659 2485 690 2542 in
714 2484 858 2542 comitatu
877 2483 1015 2558 Varvici‚’
1036 2485 1142 2562 Regiae
1167 2487 1286 2545 Scholae

283 2577 454 2654 Snlopiensis
476 2578 625 2637 ordinibus
648 2578 807 2655 adscriptus
830 2586 873 2637 est
894 2578 957 2637 ad.
972 2579 1031 2635 xvi.
1056 2579 1113 2637 Cal
1136 2580 1210 2636 Nor.
1231 2596 1284 2637 ss.

281 2657 411 2745 κ’ᾗῖιιῖ,
429 2671 486 2746 qvi,
500 2689 586 2746 qvom
599 2669 684 2729 titulo
697 2679 726 2728 et
739 2670 878 2746 dignitate
891 2670 1011 2728 Beronis
1025 2671 1120 2728 Brock
1133 2670 1286 2746 insignitus

282 2772 363 2836 esset,
373 2763 532 2822 homicides
542 2782 630 2820 manu
638 2764 756 2821 scelests
766 2763 869 2821 cecidit
878 2780 931 2821 ss.
942 2781 1101 2822 uncxnwn.
1109 2786 1116 2822 ε
1124 2765 1171 2820 vir
1177 2766 1286 2840 probus

282 2865 311 2914 et
321 2876 418 2933 sagax,
428 2865 512 2934 poeta
524 2857 647 2930 subtilis,
658 2857 840 2914 Elisabethae
850 2857 977 2932 Reginae
989 2857 1065 2914 inter
1074 2856 1231 2929 Ministros,
1240 2858 1287 2914 la-

282 2951 353 3008 cobo
365 2950 438 3027 Regi
451 2970 467 3008 e
482 2949 613 3008 Consiliis
626 2950 759 3023 Intnmis,
774 2959 802 3008 et
815 2950 943 3027 Philippi
958 2948 1066 3008 Sidncii
1079 2948 1197 3006 amicus.
1222 2947 1286 3027 (B.)

343 3119 510 3198 catalogum
530 3121 714 3196 subiecimus,
738 3121 770 3178 in
790 3141 846 3197 qvo
866 3121 999 3179 recensiti
1019 3128 1086 3178 sunt
1107 3139 1205 3178 omnes
1227 3119 1288 3178 fere

284 3213 460 3290 Salopienses
482 3215 569 3273 huius
597 3215 686 3274 seculi
708 3215 757 3291 qvi
782 3214 813 3271 in
835 3214 931 3272 sinum
953 3213 1169 3289 societatemqve
1196 3214 1288 3273 Colle-

282 3307 403 3383 giorum‚
417 3307 478 3366 sive
492 3308 639 3367 Sociorum
660 3308 721 3366 sive
736 3306 918 3367 Scholarium
937 3307 1062 3380 nomine,
1081 3307 1190 3385 recepti
1207 3318 1287 3366 sunt:

283 3399 330 3475 qvi
342 3400 374 3457 in
387 3401 486 3458 Prima
499 3409 550 3458 ant
564 3401 695 3461 Secunda
709 3399 800 3458 Classi
815 3400 876 3458 sire
888 3399 1064 3457 Litterarum
1074 3400 1288 3459 Humaniorum

283 3492 342 3551 sive
354 3492 580 3570 Disciplinarum
593 3493 865 3552 Mathematicarum
878 3492 1008 3550 collocati
1026 3501 1106 3550 sunt:
1129 3494 1177 3568 qvi
1190 3495 1288 3552 Florcs

282 3585 319 3642 sd
329 3586 468 3645 sabrinae
479 3588 620 3645 Corollam
630 3588 826 3645 contulerunt:
836 3605 948 3644 necnon
960 3605 1053 3643 unum
1065 3585 1192 3643 fortassis
1202 3587 1288 3643 alter-

281 3696 394 3754 umqve,
403 3679 453 3754 qui
466 3679 498 3736 in
511 3679 567 3736 elio
579 3699 683 3755 genere
694 3679 809 3738 laudem
819 3678 897 3736 nacti
910 3687 985 3736 sunt.
1021 3679 1113 3746 Quem
1126 3678 1288 3751 catalogum

282 3770 322 3828 ita
340 3771 549 3845 constituimus,
567 3781 601 3830 ut
617 3773 755 3848 cuiusqre
776 3772 944 3847 Collegium,
964 3770 1161 3843 Academiam,
1182 3775 1289 3826 statum

282 3863 456 3939 colleginlem
465 3863 669 3923 indicaremus:
679 3865 782 3923 deinde
790 3884 899 3923 annum
909 3885 965 3940 qvo
975 3861 1160 3922 Baccalaurei
1167 3857 1290 3935 gradum

281 3966 469 4032 consequutus
478 3959 527 4016 sit:
542 3958 663 4034 deniqve
676 3959 749 4035 sigla
758 3977 929 4035 poneremus
940 3977 1049 4031 eorum,
1056 3956 1106 4031 qvi
1113 3955 1212 4011 Flores
1223 3965 1292 4004 eon-

283 4048 418 4107 tulerunt.
779 4130 801 4192 b
