3250 4692
674 410 858 460 SABRINAE
875 410 1054 461 COROLLA.

490 581 537 644 Et
550 603 627 645 eure
639 579 737 644 silvae
749 591 825 644 nate
833 580 1023 644 recessubus

489 684 600 749 Ludet
612 705 670 768 per
683 705 786 765 agros.
833 682 904 747 Hos
918 692 1025 746 tamen
1041 678 1224 766 obpriment

555 784 641 849 Tum
654 785 732 863 feta,
747 784 961 870 pallentisqve
975 784 1065 848 busti

618 887 735 971 Frigus
747 887 833 951 iners
848 899 882 952 et
895 909 1014 972 opacus
1028 885 1140 950 horror

491 1126 671 1204 Custodiet‚
689 1148 766 1211 qvos
780 1148 855 1189 vere
869 1128 1016 1211 puertiae

492 1230 604 1295 Cernis
617 1228 772 1293 fruentes.
820 1228 890 1293 Nec
904 1230 1025 1314 poterit
1037 1228 1107 1314 lyra

553 1332 602 1397 Te
615 1355 725 1397 rursus
740 1332 861 1410 adfar13
886 1332 942 1396 sed
955 1332 1018 1419 ipsi

622 1436 687 1503 Qvi
702 1436 793 1499 tenui
808 1437 921 1500 damus
936 1459 991 1500 ore
1006 1458 1133 1502 carmen

492 1676 563 1742 Nos
575 1677 641 1741 heu
655 1677 716 1741 sub
730 1700 813 1741 urna
827 1676 942 1740 surdus
955 1685 988 1739 et
1002 1674 1159 1739 inmemor

492 1780 604 1846 Pulvis
617 1780 731 1844 relicto
746 1780 814 1844 sole
828 1778 1014 1856 iacebimus,

555 1883 711 1967 Duroqve
727 1882 898 1967 compressi
912 1904 1026 1967 sopore

621 1984 774 2049 Tartarea
786 1984 950 2071 potiemur
965 1984 1095 2047 umbre:

492 2224 581 2288 Dum
598 2235 634 2287 tu
649 2223 784 2308 perenni
798 2222 872 2287 lucc
887 2222 1076 2308 superbiens

492 2327 604 2412 Pergis
618 2337 759 2391 remotos
773 2326 874 2390 visere
889 2327 1027 2390 nubium

558 2430 705 2506 Tractus,
722 2438 757 2492 ct
770 2440 935 2493 extremos
949 2450 1007 2514 per
1022 2430 1116 2493 orbes

621 2531 793 2597 Indomitis
807 2532 941 2596 volitare
953 2532 1077 2618 pennis.

1220 2638 1262 2695 M.
1277 2637 1309 2697 L.

632 3280 733 3353 Inest
748 3304 811 3353 uua
827 3280 954 3377 gnatia
964 3280 1100 3377 paruis.

407 3459 459 3524 Ite
473 3480 584 3543 graves
597 3480 700 3536 voces,
718 3468 752 3521 et
764 3458 876 3542 inepto
891 3458 1033 3543 pondere
1048 3459 1162 3524 verbe:

449 3561 591 3625 Nomina
604 3561 631 3624 ei
646 3560 744 3624 modo
759 3570 835 3623 sunt
849 3560 992 3644 parvula,
1009 3573 1099 3647 grato
1112 3572 1237 3627 sonunt.

406 3663 534 3729 Bellula
547 3662 634 3727 bella
646 3672 799 3727 vocetur:
824 3662 944 3727 amicus
959 3665 1116 3730 amiculus
1129 3675 1217 3729 ceno:

448 3765 581 3851 Accipe,
597 3788 663 3831 non
677 3786 796 3843 versus,
813 3765 921 3850 accipe
937 3767 1119 3835 versiculos·

1160 3874 1198 3931 A.
1213 3872 1254 3931 M.
1269 3871 1308 3929 H.
