3250 4692
577 423 761 474 SABRINAE
780 426 958 476 COROLLA.
1224 428 1269 476 ns

687 657 841 759 Lalage.

305 840 421 925 Nuper
435 862 494 927 ego
508 841 621 928 scripsi
635 841 771 927 Leleges
785 845 819 907 in
834 841 928 908 litore
942 865 1078 908 nomen:

350 944 444 1009 Ilicet
457 946 518 1009 hoc
533 945 650 1010 tumidi
665 945 763 1010 diluit
777 946 864 1010 unda
877 946 983 1012 maris.
1172 932 1175 936 ⁵

305 1044 391 1110 Mox
404 1047 522 1111 iterum
537 1048 666 1134 scripsi:
691 1070 750 1113 nec
768 1048 902 1133 longum
918 1060 1055 1135 tempus,
1073 1059 1106 1113 et
1120 1060 1227 1114 aestus

349 1150 516 1215 Adlabens
529 1150 649 1215 iterum
664 1150 855 1236 despoliavit
870 1174 962 1235 opus.

306 1250 437 1331 Desine,
454 1253 500 1317 ait
516 1252 646 1337 Lalage,
663 1254 711 1317 vir
726 1253 874 1318 credule:
898 1253 997 1317 sicine
1010 1263 1114 1316 morte

349 1354 505 1419 Mortales
520 1355 633 1419 titulos
648 1378 741 1441 posse
755 1378 863 1420 carere
877 1357 996 1440 putas?

306 1457 487 1541 Aufugiam
501 1480 560 1543 par
573 1457 644 1543 ipsa
656 1458 742 1523 notis
756 1457 900 1523 inlitora
914 1458 1030 1537 ductis,

348 1557 567 1646 Deletumqvc
581 1582 691 1625 meum
707 1571 853 1645 tempore
867 1583 986 1625 nomen
1001 1561 1072 1625 erit

306 1658 407 1725 Haud
420 1660 476 1739 ita,
492 1662 663 1746 respondi:
687 1662 865 1727 confundat
879 1673 986 1727 cetera
1000 1662 1125 1746 pultis3

348 1763 376 1829 F
377 1786 448 1829 ama
462 1765 523 1829 tibi
536 1765 636 1829 vitam
651 1776 780 1851 tempus
793 1766 828 1829 in
844 1788 939 1830 omne
954 1765 1054 1830 dabit.

305 1866 500 1932 Aeternabit
514 1867 599 1931 enim
614 1890 699 1933 raras
713 1890 786 1933 mea
800 1869 940 1933 carmine
955 1868 1047 1932 dotes

349 1968 553 2055 Aetheraqve
567 1969 721 2035 inseri-bet
734 1971 866 2035 nomine
880 1970 978 2035 Musa
992 1980 1060 2034 tuo.

306 2070 378 2137 Illic
392 2072 483 2137 vivus
498 2073 559 2137 erit
573 2096 705 2159 seroqve
719 2075 893 2139 novabitur
907 2096 997 2152 aevo,

349 2172 473 2241 Ultima
486 2186 560 2260 post
573 2177 687 2241 mundi
702 2176 826 2256 funera,
842 2190 952 2242 noster
966 2198 1064 2241 amor.

1169 2280 1207 2337 K.

627 2755 690 2829 Ad
706 2754 897 2829 Neaeram.

391 2932 562 2997 Gemmam
578 2932 619 2997 do
634 2931 695 2995 tibi
710 2929 897 3016 simplicem,
914 2929 1051 3005 Neaera,

394 3034 466 3099 Fidi
481 3055 711 3119 mnemosynon
726 3032 883 3116 probiqre
898 3030 1018 3109 cordis3

392 3136 473 3217 Nos,
489 3138 517 3202 si
530 3137 598 3201 fata
613 3136 721 3201 forent
735 3133 893 3199 movenda
906 3133 1000 3211 votis,

392 3238 541 3319 Nullum,
557 3240 618 3303 lux
631 3261 713 3318 mea,
729 3246 891 3326 separaret
904 3258 1029 3301 aevum.

300 3499 303 3503 ·
393 3478 459 3543 Sed
474 3479 655 3544 dulcissima
670 3502 815 3565 quaeqve
829 3501 909 3542 mox
922 3477 1089 3554 recedunt,

392 3581 510 3647 Veloci
521 3583 604 3668 pede
618 3582 772 3668 praeterit
786 3580 957 3667 Voluptas,

392 3684 448 3762 Et,
466 3707 527 3769 qvo
542 3684 699 3763 blandior,
714 3684 776 3748 hoc
790 3684 936 3768 fugacior
951 3682 1032 3768 Spes
1041 3706 1096 3745 :-

392 3787 490 3871 Ergo,
506 3798 615 3852 noster
629 3810 728 3867 amor,
743 3786 825 3865 vale,
842 3786 979 3849 Neaera.

1168 3880 1207 3935 K.

756 4006 778 4052 Q
