3250 4692
568 437 750 487 SABRINAE
769 435 944 485 COROLLA.
1217 436 1263 483 115

701 678 807 775 Apes.

295 858 383 945 Ergo
396 859 542 925 homines
557 862 649 926 Deus
663 861 807 926 instituit
821 861 945 925 diversa
958 869 1136 945 seqventes,

296 963 423 1028 Mobile
437 987 563 1049 semper
576 965 627 1029 uti
642 966 786 1029 studium
801 976 835 1029 et
849 976 1009 1028 certamen
1022 961 1163 1027 habendi

296 1066 458 1146 Curreret,
474 1067 555 1131 banc
570 1090 668 1132 unam
682 1089 857 1153 properans
872 1066 1056 1150 contingere
1069 1076 1200 1142 metam,

293 1169 374 1234 Esse
389 1170 449 1234 sub
464 1171 599 1256 imperio
615 1171 772 1235 maiorum
786 1170 958 1254 audireqve
972 1168 1122 1233 habenas.

295 1272 348 1336 Sic
363 1284 538 1359 operantur
551 1296 626 1360 apes
641 1274 776 1358 cogendi
790 1271 895 1337 mellis
908 1295 1034 1337 amore:

294 1375 387 1454 (dvm,
405 1376 487 1441 duce
500 1387 625 1455 natura,
641 1375 764 1462 populo
780 1376 974 1440 documenta
988 1374 1104 1439 dedere

293 1476 454 1563 Regnato‚
470 1487 509 1543 ut
522 1501 634 1563 parere
648 1479 750 1543 velint
762 1502 799 1543 ac
812 1477 940 1563 legibus
953 1477 1013 1542 uti.

294 1579 371 1643 Iura
384 1580 650 1665 magistratusqve
665 1581 788 1665 legunt,
803 1601 974 1666 regemqve
988 1587 1182 1664 seqvuntur:

295 1680 458 1767 Castigare
473 1681 559 1747 domi
575 1696 623 1747 est
637 1683 781 1762 aliarum,
796 1694 830 1747 et
843 1705 968 1747 sumere
981 1703 1118 1769 poenas;

293 1781 475 1847 Mercantes
489 1783 571 1847 aliae
585 1786 754 1869 peregrina
767 1786 899 1869 negotia
912 1793 1042 1861 eurant;

294 1882 426 1971 Spicula
438 1896 603 1972 portantes
617 1888 707 1965 aliae,
725 1910 784 1952 ceu
798 1888 890 1951 miles
903 1888 938 1951 in
952 1886 1057 1965 armis,

293 1986 461 2050 Aestatem
475 1988 673 2072 populantur
687 2000 721 2053 et
734 2012 831 2054 aurea
844 1989 989 2074 germina
1002 1997 1145 2053 vastant:

293 2088 389 2152 Unde
405 2088 536 2153 domum
550 2090 701 2176 praedam
716 2090 931 2155 referentibus
945 2091 1070 2175 agmine
1083 2088 1169 2154 laeto

292 2190 365 2255 Itur
379 2190 420 2254 ad
433 2193 562 2275 augusti
575 2193 736 2279 praetoria
749 2194 851 2279 regis:
875 2193 979 2258 atille

291 2292 454 2377 Fungitur
466 2292 613 2377 imperio,
630 2295 928 2381 contemplaturqve
942 2304 1093 2360 canentes

291 2394 463 2460 Murorum
478 2395 616 2461 artifices
629 2398 771 2462 molirier
783 2421 881 2464 aurea
894 2408 989 2477 tecta,

292 2496 389 2561 Parte
404 2497 467 2561 alia
481 2498 565 2563 cives
579 2499 751 2585 liqvefacta
763 2500 936 2566 recondere
950 2498 1056 2577 mella,

292 2599 388 2664 Parte
403 2600 466 2664 alia
480 2601 619 2665 famulos
634 2613 802 2686 operantes
816 2602 958 2688 pondera
970 2613 1061 2685 tergo

293 2701 438 2766 Grandia
451 2701 492 2766 ad
506 2714 679 2787 angustum
693 2704 839 2768 certatim
854 2704 1021 2767 advolvere
1035 2702 1153 2767 limen:

294 2805 540 2891 Contemplatur
554 2806 634 2869 item
647 2817 829 2890 praetorem
843 2816 935 2869 torva
947 2816 1104 2883 tuentem,

290 2907 381 2972 Dum
395 2930 525 2973 saevum
540 2931 684 2975 mussans
698 2910 848 2975 fucorum
862 2909 1000 2994 ingloria
1014 2908 1113 2972 tradit

293 3011 437 3097 Corpora
450 3010 600 3077 camiliei.

1067 3114 1101 3172 Τ.
1116 3113 1145 3174 S.
1160 3112 1194 3172 Ε.

681 3266 806 3277 --—

643 3464 806 3540 Rubecul
845 3520 855 3540 .

359 3654 417 3727 Τίς
432 3655 539 3745 ἄρρεν’
555 3652 812 3746 ἐρυθρόστερνον
826 3656 866 3738 ἦν
880 3655 932 3742 ἄρ’
949 3655 966 3723 ὅ
982 3658 1129 3740 metram

357 3760 465 3831 Αὐτὸς
480 3760 595 3847 debore
610 3759 769 3846 τόξοισιν,
785 3761 807 3844 ἦ
823 3760 850 3828 δ’
867 3760 903 3834 bs
918 3761 935 3826 d
952 3761 1125 3850 στρουθός,

358 3860 416 3929 τὸν
430 3862 537 3951 ἄρρεν’
556 3864 813 3953 ἐρυθρόστερνον
829 3863 928 3937 αὐτὸς
944 3864 1083 3933 ἔκτεινα.

1116 4006 1151 4063 R.
1167 4005 1197 4063 S.
