<?xml version="1.0" encoding="UTF-8"?>
<!DOCTYPE html PUBLIC "-//W3C//DTD XHTML 1.0 Transitional//EN"
    "http://www.w3.org/TR/xhtml1/DTD/xhtml1-transitional.dtd">
<html xmlns="http://www.w3.org/1999/xhtml" xml:lang="en" lang="en">
 <head>
  <title>
</title>
<meta http-equiv="Content-Type" content="text/html;charset=utf-8" />
  <meta name='ocr-system' content='tesseract 3.04.00' />
  <meta name='ocr-capabilities' content='ocr_page ocr_carea ocr_par ocr_line ocrx_word'/>
</head>
<body>
  <div class='ocr_page' id='page_1' title='image "./sabrinaecorolla00shrgoog_0039.png"; bbox 0 0 3250 4692; ppageno 0'>
   <div class='ocr_carea' id='block_1_1' title="bbox 595 446 972 496">
    <p class='ocr_par' dir='ltr' id='par_1_1' title="bbox 595 446 972 496">
     <span class='ocr_line' id='line_1_1' title="bbox 595 446 972 496; baseline -0.005 -1"><span class='ocrx_word' id='word_1_1' title='bbox 595 446 778 496; x_wconf 75' lang='lat' dir='ltr'>snuuluau</span> <span class='ocrx_word' id='word_1_2' title='bbox 797 447 972 495; x_wconf 81' lang='lat' dir='ltr'><strong>COROLLA.</strong></span> 
     </span>
    </p>
   </div>
   <div class='ocr_carea' id='block_1_2' title="bbox 627 727 940 800">
    <p class='ocr_par' dir='ltr' id='par_1_2' title="bbox 627 727 940 800">
     <span class='ocr_line' id='line_1_2' title="bbox 627 727 940 800; baseline -0.006 -1"><span class='ocrx_word' id='word_1_3' title='bbox 627 727 774 800; x_wconf 81' lang='lat' dir='ltr'>Flumen</span> <span class='ocrx_word' id='word_1_4' title='bbox 792 727 940 800; x_wconf 80' lang='lat' dir='ltr'>Natale.</span> 
     </span>
    </p>
   </div>
   <div class='ocr_carea' id='block_1_3' title="bbox 280 925 1191 2550">
    <p class='ocr_par' dir='ltr' id='par_1_3' title="bbox 280 925 1090 1114">
     <span class='ocr_line' id='line_1_3' title="bbox 280 925 1090 1013; baseline 0 -23"><span class='ocrx_word' id='word_1_5' title='bbox 280 925 410 1004; x_wconf 85' lang='lat' dir='ltr'>Rivule‚</span> <span class='ocrx_word' id='word_1_6' title='bbox 429 949 491 1010; x_wconf 90' lang='lat' dir='ltr'>qvo</span> <span class='ocrx_word' id='word_1_7' title='bbox 504 927 637 990; x_wconf 87' lang='lat' dir='ltr'>memini</span> <span class='ocrx_word' id='word_1_8' title='bbox 652 950 790 1011; x_wconf 89' lang='lat' dir='ltr'>puerum</span> <span class='ocrx_word' id='word_1_9' title='bbox 806 952 858 992; x_wconf 91' lang='lat' dir='ltr'>me</span> <span class='ocrx_word' id='word_1_10' title='bbox 873 950 967 1013; x_wconf 87' lang='lat' dir='ltr'>saepe</span> <span class='ocrx_word' id='word_1_11' title='bbox 981 926 1090 1005; x_wconf 82' lang='lat' dir='ltr'>lavari,</span> 
     </span>
     <span class='ocr_line' id='line_1_4' title="bbox 324 1029 956 1114; baseline 0 -22"><span class='ocrx_word' id='word_1_12' title='bbox 324 1029 440 1093; x_wconf 88' lang='lat' dir='ltr'>Purior</span> <span class='ocrx_word' id='word_1_13' title='bbox 455 1029 574 1094; x_wconf 88' lang='lat' dir='ltr'>electro</span> <span class='ocrx_word' id='word_1_14' title='bbox 589 1029 847 1114; x_wconf 76' lang='lat' dir='ltr'>splendidiorque</span> <span class='ocrx_word' id='word_1_15' title='bbox 862 1030 956 1107; x_wconf 85' lang='lat' dir='ltr'>vitro,</span> 
     </span>
    </p>

    <p class='ocr_par' dir='ltr' id='par_1_4' title="bbox 281 1130 1036 1320">
     <span class='ocr_line' id='line_1_5' title="bbox 281 1130 1036 1197; baseline 0.003 -3"><span class='ocrx_word' id='word_1_16' title='bbox 281 1130 333 1194; x_wconf 90' lang='lat' dir='ltr'>Tu</span> <span class='ocrx_word' id='word_1_17' title='bbox 348 1132 415 1195; x_wconf 90' lang='lat' dir='ltr'>sine</span> <span class='ocrx_word' id='word_1_18' title='bbox 432 1133 591 1196; x_wconf 89' lang='lat' dir='ltr'>montanis</span> <span class='ocrx_word' id='word_1_19' title='bbox 606 1133 802 1197; x_wconf 82' lang='lat' dir='ltr'>torrentibus</span> <span class='ocrx_word' id='word_1_20' title='bbox 817 1146 851 1196; x_wconf 90' lang='lat' dir='ltr'>et</span> <span class='ocrx_word' id='word_1_21' title='bbox 865 1133 933 1196; x_wconf 91' lang='lat' dir='ltr'>sine</span> <span class='ocrx_word' id='word_1_22' title='bbox 948 1133 1036 1196; x_wconf 83' lang='lat' dir='ltr'>saxis</span> 
     </span>
     <span class='ocr_line' id='line_1_6' title="bbox 326 1233 1002 1320; baseline 0.004 -24"><span class='ocrx_word' id='word_1_23' title='bbox 326 1233 435 1297; x_wconf 84' lang='lat' dir='ltr'>Curris</span> <span class='ocrx_word' id='word_1_24' title='bbox 449 1235 619 1299; x_wconf 89' lang='lat' dir='ltr'>inoffensas</span> <span class='ocrx_word' id='word_1_25' title='bbox 632 1235 757 1298; x_wconf 88' lang='lat' dir='ltr'>lubrica</span> <span class='ocrx_word' id='word_1_26' title='bbox 771 1235 903 1320; x_wconf 81' lang='lat' dir='ltr'><strong>lympha</strong></span> <span class='ocrx_word' id='word_1_27' title='bbox 918 1235 1002 1313; x_wconf 82' lang='lat' dir='ltr'>vias3</span> 
     </span>
    </p>

    <p class='ocr_par' dir='ltr' id='par_1_5' title="bbox 283 1335 1087 1521">
     <span class='ocr_line' id='line_1_7' title="bbox 283 1335 1087 1421; baseline 0.002 -23"><span class='ocrx_word' id='word_1_28' title='bbox 283 1335 331 1398; x_wconf 87' lang='lat' dir='ltr'>Te</span> <span class='ocrx_word' id='word_1_29' title='bbox 345 1335 464 1420; x_wconf 89' lang='lat' dir='ltr'>primos</span> <span class='ocrx_word' id='word_1_30' title='bbox 478 1335 588 1399; x_wconf 86' lang='lat' dir='ltr'>latices</span> <span class='ocrx_word' id='word_1_31' title='bbox 604 1337 643 1398; x_wconf 93' lang='lat' dir='ltr'>de</span> <span class='ocrx_word' id='word_1_32' title='bbox 657 1346 758 1400; x_wconf 83' lang='lat' dir='ltr'>matre</span> <span class='ocrx_word' id='word_1_33' title='bbox 773 1336 892 1421; x_wconf 88' lang='lat' dir='ltr'>palude</span> <span class='ocrx_word' id='word_1_34' title='bbox 908 1336 1087 1400; x_wconf 85' lang='lat' dir='ltr'>trahentem</span> 
     </span>
     <span class='ocr_line' id='line_1_8' title="bbox 326 1437 1027 1521; baseline 0 -21"><span class='ocrx_word' id='word_1_35' title='bbox 326 1437 485 1502; x_wconf 88' lang='lat' dir='ltr'>Dulcibus</span> <span class='ocrx_word' id='word_1_36' title='bbox 499 1437 668 1502; x_wconf 84' lang='lat' dir='ltr'>inlecebris</span> <span class='ocrx_word' id='word_1_37' title='bbox 683 1437 834 1502; x_wconf 77' lang='lat' dir='ltr'>daedalus</span> <span class='ocrx_word' id='word_1_38' title='bbox 849 1460 937 1502; x_wconf 87' lang='lat' dir='ltr'>error</span> <span class='ocrx_word' id='word_1_39' title='bbox 950 1438 1027 1521; x_wconf 86' lang='lat' dir='ltr'>agit,</span> 
     </span>
    </p>

    <p class='ocr_par' dir='ltr' id='par_1_6' title="bbox 284 1541 1128 1728">
     <span class='ocr_line' id='line_1_9' title="bbox 284 1541 1128 1626; baseline 0 -22"><span class='ocrx_word' id='word_1_40' title='bbox 284 1541 354 1605; x_wconf 87' lang='lat' dir='ltr'>Aut</span> <span class='ocrx_word' id='word_1_41' title='bbox 369 1541 426 1605; x_wconf 94' lang='lat' dir='ltr'>ubi</span> <span class='ocrx_word' id='word_1_42' title='bbox 440 1541 581 1605; x_wconf 88' lang='lat' dir='ltr'>betullae</span> <span class='ocrx_word' id='word_1_43' title='bbox 597 1541 725 1605; x_wconf 88' lang='lat' dir='ltr'>frondet</span> <span class='ocrx_word' id='word_1_44' title='bbox 740 1564 864 1620; x_wconf 89' lang='lat' dir='ltr'>nemus,</span> <span class='ocrx_word' id='word_1_45' title='bbox 879 1554 937 1604; x_wconf 91' lang='lat' dir='ltr'>aut</span> <span class='ocrx_word' id='word_1_46' title='bbox 952 1541 1008 1604; x_wconf 94' lang='lat' dir='ltr'>ubi</span> <span class='ocrx_word' id='word_1_47' title='bbox 1023 1541 1128 1626; x_wconf 89' lang='lat' dir='ltr'>pinus,</span> 
     </span>
     <span class='ocr_line' id='line_1_10' title="bbox 327 1642 942 1728; baseline 0.003 -23"><span class='ocrx_word' id='word_1_48' title='bbox 327 1643 464 1727; x_wconf 85' lang='lat' dir='ltr'>Septave</span> <span class='ocrx_word' id='word_1_49' title='bbox 478 1643 656 1728; x_wconf 85' lang='lat' dir='ltr'>pensilibus</span> <span class='ocrx_word' id='word_1_50' title='bbox 670 1642 839 1707; x_wconf 86' lang='lat' dir='ltr'>luxuriosa</span> <span class='ocrx_word' id='word_1_51' title='bbox 852 1643 942 1707; x_wconf 89' lang='lat' dir='ltr'>rosis.</span> 
     </span>
    </p>

    <p class='ocr_par' dir='ltr' id='par_1_7' title="bbox 285 1744 1045 1932">
     <span class='ocr_line' id='line_1_11' title="bbox 285 1744 1045 1830; baseline 0.005 -23"><span class='ocrx_word' id='word_1_52' title='bbox 285 1744 339 1808; x_wconf 87' lang='lat' dir='ltr'>Sic</span> <span class='ocrx_word' id='word_1_53' title='bbox 353 1767 478 1830; x_wconf 87' lang='lat' dir='ltr'>semper</span> <span class='ocrx_word' id='word_1_54' title='bbox 494 1745 554 1808; x_wconf 91' lang='lat' dir='ltr'>tibi</span> <span class='ocrx_word' id='word_1_55' title='bbox 568 1745 710 1830; x_wconf 88' lang='lat' dir='ltr'>riparum</span> <span class='ocrx_word' id='word_1_56' title='bbox 724 1768 782 1829; x_wconf 87' lang='lat' dir='ltr'>per</span> <span class='ocrx_word' id='word_1_57' title='bbox 796 1767 931 1809; x_wconf 90' lang='lat' dir='ltr'>amoena</span> <span class='ocrx_word' id='word_1_58' title='bbox 944 1747 1045 1811; x_wconf 83' lang='lat' dir='ltr'>vireta</span> 
     </span>
     <span class='ocr_line' id='line_1_12' title="bbox 327 1847 1033 1932; baseline 0.006 -22"><span class='ocrx_word' id='word_1_59' title='bbox 327 1847 409 1910; x_wconf 90' lang='lat' dir='ltr'>Mile</span> <span class='ocrx_word' id='word_1_60' title='bbox 424 1848 521 1910; x_wconf 92' lang='lat' dir='ltr'>boves</span> <span class='ocrx_word' id='word_1_61' title='bbox 535 1848 663 1932; x_wconf 86' lang='lat' dir='ltr'>passim,</span> <span class='ocrx_word' id='word_1_62' title='bbox 680 1847 756 1911; x_wconf 87' lang='lat' dir='ltr'>mile</span> <span class='ocrx_word' id='word_1_63' title='bbox 770 1859 927 1932; x_wconf 84' lang='lat' dir='ltr'>vagentur</span> <span class='ocrx_word' id='word_1_64' title='bbox 941 1870 1033 1914; x_wconf 87' lang='lat' dir='ltr'>oves:</span> 
     </span>
    </p>

    <p class='ocr_par' dir='ltr' id='par_1_8' title="bbox 282 1949 1191 2138">
     <span class='ocr_line' id='line_1_13' title="bbox 282 1949 1191 2035; baseline 0.004 -23"><span class='ocrx_word' id='word_1_65' title='bbox 282 1950 328 2013; x_wconf 85' lang='lat' dir='ltr'>Et</span> <span class='ocrx_word' id='word_1_66' title='bbox 343 1950 403 2013; x_wconf 93' lang='lat' dir='ltr'>tibi</span> <span class='ocrx_word' id='word_1_67' title='bbox 418 1972 483 2012; x_wconf 91' lang='lat' dir='ltr'>non</span> <span class='ocrx_word' id='word_1_68' title='bbox 498 1949 603 2014; x_wconf 89' lang='lat' dir='ltr'>desint</span> <span class='ocrx_word' id='word_1_69' title='bbox 616 1949 776 2035; x_wconf 78' lang='lat' dir='ltr'>nymphae</span> <span class='ocrx_word' id='word_1_70' title='bbox 793 1951 833 2014; x_wconf 90' lang='lat' dir='ltr'>ad</span> <span class='ocrx_word' id='word_1_71' title='bbox 848 1951 1016 2015; x_wconf 87' lang='lat' dir='ltr'>mulctrale</span> <span class='ocrx_word' id='word_1_72' title='bbox 1032 1963 1191 2030; x_wconf 84' lang='lat' dir='ltr'>canentes,</span> 
     </span>
     <span class='ocr_line' id='line_1_14' title="bbox 327 2053 1015 2138; baseline 0.004 -22"><span class='ocrx_word' id='word_1_73' title='bbox 327 2053 488 2138; x_wconf 87' lang='lat' dir='ltr'>Laetaqve</span> <span class='ocrx_word' id='word_1_74' title='bbox 502 2063 667 2136; x_wconf 80' lang='lat' dir='ltr'>postorum</span> <span class='ocrx_word' id='word_1_75' title='bbox 682 2053 772 2116; x_wconf 91' lang='lat' dir='ltr'>vallis</span> <span class='ocrx_word' id='word_1_76' title='bbox 786 2054 1015 2119; x_wconf 86' lang='lat' dir='ltr'>arundinibus:</span> 
     </span>
    </p>

    <p class='ocr_par' dir='ltr' id='par_1_9' title="bbox 285 2155 997 2343">
     <span class='ocr_line' id='line_1_15' title="bbox 285 2155 997 2240; baseline 0.003 -22"><span class='ocrx_word' id='word_1_77' title='bbox 285 2155 330 2219; x_wconf 86' lang='lat' dir='ltr'>Et</span> <span class='ocrx_word' id='word_1_78' title='bbox 344 2166 376 2218; x_wconf 88' lang='lat' dir='ltr'>te</span> <span class='ocrx_word' id='word_1_79' title='bbox 391 2155 495 2240; x_wconf 83' lang='lat' dir='ltr'>prisea</span> <span class='ocrx_word' id='word_1_80' title='bbox 508 2155 588 2221; x_wconf 88' lang='lat' dir='ltr'>fides</span> <span class='ocrx_word' id='word_1_81' title='bbox 603 2166 636 2218; x_wconf 91' lang='lat' dir='ltr'>et</span> <span class='ocrx_word' id='word_1_82' title='bbox 650 2155 756 2220; x_wconf 89' lang='lat' dir='ltr'>nescia</span> <span class='ocrx_word' id='word_1_83' title='bbox 769 2157 880 2220; x_wconf 86' lang='lat' dir='ltr'>fallere</span> <span class='ocrx_word' id='word_1_84' title='bbox 895 2158 997 2221; x_wconf 86' lang='lat' dir='ltr'>virtus</span> 
     </span>
     <span class='ocr_line' id='line_1_16' title="bbox 327 2257 981 2343; baseline 0.006 -23"><span class='ocrx_word' id='word_1_85' title='bbox 327 2258 372 2321; x_wconf 90' lang='lat' dir='ltr'>Et</span> <span class='ocrx_word' id='word_1_86' title='bbox 386 2257 478 2322; x_wconf 87' lang='lat' dir='ltr'>labor</span> <span class='ocrx_word' id='word_1_87' title='bbox 491 2258 624 2322; x_wconf 87' lang='lat' dir='ltr'>adsiduo</span> <span class='ocrx_word' id='word_1_88' title='bbox 639 2258 705 2322; x_wconf 88' lang='lat' dir='ltr'>sole</span> <span class='ocrx_word' id='word_1_89' title='bbox 720 2271 871 2343; x_wconf 89' lang='lat' dir='ltr'>perustus</span> <span class='ocrx_word' id='word_1_90' title='bbox 885 2271 981 2338; x_wconf 87' lang='lat' dir='ltr'>amet,</span> 
     </span>
    </p>

    <p class='ocr_par' dir='ltr' id='par_1_10' title="bbox 285 2361 1104 2550">
     <span class='ocr_line' id='line_1_17' title="bbox 285 2361 1104 2448; baseline 0.002 -24"><span class='ocrx_word' id='word_1_91' title='bbox 285 2361 449 2446; x_wconf 84' lang='lat' dir='ltr'>Cordaqve</span> <span class='ocrx_word' id='word_1_92' title='bbox 465 2361 630 2424; x_wconf 84' lang='lat' dir='ltr'>coniurata</span> <span class='ocrx_word' id='word_1_93' title='bbox 643 2361 747 2425; x_wconf 89' lang='lat' dir='ltr'>virum</span> <span class='ocrx_word' id='word_1_94' title='bbox 763 2362 959 2447; x_wconf 83' lang='lat' dir='ltr'>dextraeqve</span> <span class='ocrx_word' id='word_1_95' title='bbox 973 2374 1104 2448; x_wconf 84' lang='lat' dir='ltr'>paratae</span> 
     </span>
     <span class='ocr_line' id='line_1_18' title="bbox 328 2463 1011 2550; baseline 0.004 -24"><span class='ocrx_word' id='word_1_96' title='bbox 328 2463 507 2541; x_wconf 86' lang='lat' dir='ltr'>Custodire,</span> <span class='ocrx_word' id='word_1_97' title='bbox 525 2464 641 2548; x_wconf 90' lang='lat' dir='ltr'>qvibus</span> <span class='ocrx_word' id='word_1_98' title='bbox 655 2464 725 2526; x_wconf 90' lang='lat' dir='ltr'>iure</span> <span class='ocrx_word' id='word_1_99' title='bbox 741 2464 906 2543; x_wconf 86' lang='lat' dir='ltr'>fruuntur,</span> <span class='ocrx_word' id='word_1_100' title='bbox 924 2488 1011 2550; x_wconf 87' lang='lat' dir='ltr'>opes.</span> 
     </span>
    </p>
   </div>
   <div class='ocr_carea' id='block_1_4' title="bbox 631 2729 940 2737">
    <p class='ocr_par' dir='ltr' id='par_1_11' title="bbox 631 2729 940 2737">
     <span class='ocr_line' id='line_1_19' title="bbox 631 2729 940 2737; baseline 0.003 -1"><span class='ocrx_word' id='word_1_101' title='bbox 631 2729 940 2737; x_wconf 73' lang='lat'><em>--——-—-————---</em></span> 
     </span>
    </p>
   </div>
   <div class='ocr_carea' id='block_1_5' title="bbox 722 2889 857 2988">
    <p class='ocr_par' dir='ltr' id='par_1_12' title="bbox 722 2889 857 2988">
     <span class='ocr_line' id='line_1_20' title="bbox 722 2889 857 2988; baseline 0.03 -28"><span class='ocrx_word' id='word_1_102' title='bbox 722 2889 857 2988; x_wconf 82' lang='lat' dir='ltr'>Vesper.</span> 
     </span>
    </p>
   </div>
   <div class='ocr_carea' id='block_1_6' title="bbox 331 3072 1143 3469">
    <p class='ocr_par' dir='ltr' id='par_1_13' title="bbox 331 3072 1143 3362">
     <span class='ocr_line' id='line_1_21' title="bbox 331 3072 1110 3160; baseline 0.005 -24"><span class='ocrx_word' id='word_1_103' title='bbox 331 3072 411 3137; x_wconf 86' lang='lat' dir='ltr'>Cara</span> <span class='ocrx_word' id='word_1_104' title='bbox 425 3073 505 3136; x_wconf 90' lang='lat' dir='ltr'>mihi</span> <span class='ocrx_word' id='word_1_105' title='bbox 520 3073 658 3137; x_wconf 87' lang='lat' dir='ltr'>redeunt</span> <span class='ocrx_word' id='word_1_106' title='bbox 672 3074 848 3138; x_wconf 89' lang='lat' dir='ltr'>moriturae</span> <span class='ocrx_word' id='word_1_107' title='bbox 863 3085 1008 3160; x_wconf 86' lang='lat' dir='ltr'>tempora</span> <span class='ocrx_word' id='word_1_108' title='bbox 1019 3075 1110 3154; x_wconf 87' lang='lat' dir='ltr'>lueis,</span> 
     </span>
     <span class='ocr_line' id='line_1_22' title="bbox 373 3176 1111 3262; baseline 0.001 -20"><span class='ocrx_word' id='word_1_109' title='bbox 373 3176 478 3243; x_wconf 74' lang='lat' dir='ltr'>Quom</span> <span class='ocrx_word' id='word_1_110' title='bbox 492 3176 572 3239; x_wconf 84' lang='lat' dir='ltr'>radii</span> <span class='ocrx_word' id='word_1_111' title='bbox 586 3176 620 3239; x_wconf 93' lang='lat' dir='ltr'>in</span> <span class='ocrx_word' id='word_1_112' title='bbox 636 3176 746 3240; x_wconf 80' lang='lat' dir='ltr'>tacitas</span> <span class='ocrx_word' id='word_1_113' title='bbox 760 3176 983 3242; x_wconf 90' lang='lat' dir='ltr'>dissoluuntur</span> <span class='ocrx_word' id='word_1_114' title='bbox 997 3201 1111 3262; x_wconf 82' lang='lat' dir='ltr'>aqvas3</span> 
     </span>
     <span class='ocr_line' id='line_1_23' title="bbox 332 3277 1143 3362; baseline 0.006 -22"><span class='ocrx_word' id='word_1_115' title='bbox 332 3277 462 3342; x_wconf 86' lang='lat' dir='ltr'>Somnia</span> <span class='ocrx_word' id='word_1_116' title='bbox 476 3288 546 3341; x_wconf 92' lang='lat' dir='ltr'>tum</span> <span class='ocrx_word' id='word_1_117' title='bbox 561 3278 667 3362; x_wconf 91' lang='lat' dir='ltr'>lapsos</span> <span class='ocrx_word' id='word_1_118' title='bbox 681 3277 822 3342; x_wconf 88' lang='lat' dir='ltr'>reddunt</span> <span class='ocrx_word' id='word_1_119' title='bbox 837 3279 917 3342; x_wconf 91' lang='lat' dir='ltr'>mihi</span> <span class='ocrx_word' id='word_1_120' title='bbox 932 3279 1038 3344; x_wconf 86' lang='lat' dir='ltr'>dulcia</span> <span class='ocrx_word' id='word_1_121' title='bbox 1051 3281 1143 3359; x_wconf 89' lang='lat' dir='ltr'>soles,</span> 
     </span>
    </p>

    <p class='ocr_par' dir='ltr' id='par_1_14' title="bbox 374 3380 1141 3469">
     <span class='ocr_line' id='line_1_24' title="bbox 374 3380 1141 3469; baseline 0.007 -26"><span class='ocrx_word' id='word_1_122' title='bbox 374 3380 484 3465; x_wconf 85' lang='lat' dir='ltr'>Teqve</span> <span class='ocrx_word' id='word_1_123' title='bbox 499 3402 620 3444; x_wconf 87' lang='lat' dir='ltr'>memor</span> <span class='ocrx_word' id='word_1_124' title='bbox 635 3382 753 3466; x_wconf 91' lang='lat' dir='ltr'>cupido</span> <span class='ocrx_word' id='word_1_125' title='bbox 767 3393 908 3468; x_wconf 82' lang='lat' dir='ltr'>pectore,</span> <span class='ocrx_word' id='word_1_126' title='bbox 925 3384 1001 3460; x_wconf 88' lang='lat' dir='ltr'>vita,</span> <span class='ocrx_word' id='word_1_127' title='bbox 1017 3406 1141 3469; x_wconf 84' lang='lat' dir='ltr'>seqvor.</span> 
     </span>
    </p>
   </div>
   <div class='ocr_carea' id='block_1_7' title="bbox 332 3585 1257 4052">
    <p class='ocr_par' dir='ltr' id='par_1_15' title="bbox 332 3585 1257 4052">
     <span class='ocr_line' id='line_1_25' title="bbox 332 3585 1257 3672; baseline 0.003 -22"><span class='ocrx_word' id='word_1_128' title='bbox 332 3585 487 3669; x_wconf 83' lang='lat' dir='ltr'>Qvodqve</span> <span class='ocrx_word' id='word_1_129' title='bbox 503 3585 612 3649; x_wconf 91' lang='lat' dir='ltr'>tremit</span> <span class='ocrx_word' id='word_1_130' title='bbox 626 3585 723 3670; x_wconf 85' lang='lat' dir='ltr'>longo</span> <span class='ocrx_word' id='word_1_131' title='bbox 737 3587 814 3650; x_wconf 92' lang='lat' dir='ltr'>dum</span> <span class='ocrx_word' id='word_1_132' title='bbox 830 3587 996 3672; x_wconf 86' lang='lat' dir='ltr'>conspicor</span> <span class='ocrx_word' id='word_1_133' title='bbox 1010 3588 1121 3653; x_wconf 91' lang='lat' dir='ltr'>ordine</span> <span class='ocrx_word' id='word_1_134' title='bbox 1135 3588 1257 3668; x_wconf 88' lang='lat' dir='ltr'>lumen,</span> 
     </span>
     <span class='ocr_line' id='line_1_26' title="bbox 373 3687 1090 3775; baseline 0.004 -24"><span class='ocrx_word' id='word_1_135' title='bbox 373 3687 467 3752; x_wconf 90' lang='lat' dir='ltr'>Levis</span> <span class='ocrx_word' id='word_1_136' title='bbox 482 3687 539 3752; x_wconf 94' lang='lat' dir='ltr'>ubi</span> <span class='ocrx_word' id='word_1_137' title='bbox 556 3687 724 3775; x_wconf 90' lang='lat' dir='ltr'>Hesperiis</span> <span class='ocrx_word' id='word_1_138' title='bbox 737 3689 868 3774; x_wconf 84' lang='lat' dir='ltr'>ignibus</span> <span class='ocrx_word' id='word_1_139' title='bbox 883 3691 970 3753; x_wconf 91' lang='lat' dir='ltr'>unda</span> <span class='ocrx_word' id='word_1_140' title='bbox 983 3691 1090 3768; x_wconf 89' lang='lat' dir='ltr'>rubet,</span> 
     </span>
     <span class='ocr_line' id='line_1_27' title="bbox 333 3789 1052 3877; baseline 0.003 -23"><span class='ocrx_word' id='word_1_141' title='bbox 333 3789 427 3855; x_wconf 89' lang='lat' dir='ltr'>Mens</span> <span class='ocrx_word' id='word_1_142' title='bbox 440 3800 513 3855; x_wconf 85' lang='lat' dir='ltr'>avet</span> <span class='ocrx_word' id='word_1_143' title='bbox 527 3801 639 3855; x_wconf 88' lang='lat' dir='ltr'>aurato</span> <span class='ocrx_word' id='word_1_144' title='bbox 654 3791 787 3875; x_wconf 84' lang='lat' dir='ltr'>vestigia</span> <span class='ocrx_word' id='word_1_145' title='bbox 801 3815 921 3877; x_wconf 89' lang='lat' dir='ltr'>ponere</span> <span class='ocrx_word' id='word_1_146' title='bbox 937 3802 1052 3871; x_wconf 85' lang='lat' dir='ltr'>tractu,</span> 
     </span>
     <span class='ocr_line' id='line_1_28' title="bbox 375 3893 1025 3979; baseline 0.005 -23"><span class='ocrx_word' id='word_1_147' title='bbox 375 3893 537 3978; x_wconf 89' lang='lat' dir='ltr'>Transqve</span> <span class='ocrx_word' id='word_1_148' title='bbox 551 3894 618 3957; x_wconf 85' lang='lat' dir='ltr'>vias</span> <span class='ocrx_word' id='word_1_149' title='bbox 633 3893 708 3957; x_wconf 87' lang='lat' dir='ltr'>solis</span> <span class='ocrx_word' id='word_1_150' title='bbox 721 3904 813 3979; x_wconf 85' lang='lat' dir='ltr'>rapta</span> <span class='ocrx_word' id='word_1_151' title='bbox 829 3894 935 3979; x_wconf 89' lang='lat' dir='ltr'>qviete</span> <span class='ocrx_word' id='word_1_152' title='bbox 950 3894 1025 3960; x_wconf 87' lang='lat' dir='ltr'>frui.</span> 
     </span>
     <span class='ocr_line' id='line_1_29' title="bbox 1197 3996 1234 4052; baseline 0.027 -1"><span class='ocrx_word' id='word_1_153' title='bbox 1197 3996 1234 4052; x_wconf 85' lang='lat' dir='ltr'>K.</span> 
     </span>
    </p>
   </div>
   <div class='ocr_carea' id='block_1_8' title="bbox 0 0 1649 4692">
    <p class='ocr_par' dir='ltr' id='par_1_16' title="bbox 0 0 1649 4692">
     <span class='ocr_line' id='line_1_30' title="bbox 0 0 1649 4692; baseline 0 0"><span class='ocrx_word' id='word_1_154' title='bbox 0 0 1649 4692; x_wconf 95' lang='lat' dir='ltr'> </span> 
     </span>
    </p>
   </div>
  </div>
 </body>
</html>
