3250 4692
675 417 859 466 SABRINAE
878 418 1053 467 COROLLA.

461 638 464 646 .
489 582 579 669 Ergo
593 583 740 647 iuventas
754 584 801 648 nil
817 596 873 649 tua
886 585 1022 671 profuit,

490 686 651 771 Augusta,
667 686 714 750 nil
730 688 815 773 qvod
830 688 897 752 filia
910 688 1057 773 gentium

555 789 747 854 Inlustrium
763 814 806 855 ex
821 792 886 856 alta
900 804 1023 856 creatos

619 891 728 977 Stirpe
742 904 851 977 patres
866 904 1036 979 atavosqve
1052 918 1171 972 censes,

491 1096 549 1160 Isti
563 1097 713 1160 iuventae
729 1098 805 1182 qvin
820 1097 917 1163 nimis
930 1100 1077 1163 invidens

491 1200 625 1263 Scindat
639 1200 772 1285 capillos
786 1202 880 1265 furva
894 1202 1097 1287 Proserpina,

555 1304 771 1388 Frontemqve
784 1304 939 1368 nudatam
955 1306 1082 1369 corollis

618 1404 728 1469 Multa
742 1405 853 1469 dolens
871 1406 1080 1491 Hymenaeus
1095 1408 1216 1472 abdat?

486 1610 517 1673 Ο
533 1610 629 1695 digna
642 1609 718 1674 fatis
732 1612 1011 1696 prosperioribus3

489 1713 525 1775 Si
540 1736 634 1798 qvam
649 1713 701 1777 vel
714 1726 803 1777 aetas
818 1715 960 1799 eriperet
975 1716 1067 1801 stygi

552 1816 616 1881 Vel
630 1816 734 1880 forma
748 1816 925 1902 sinceriqve
940 1841 1055 1896 mores,

618 1918 709 1982 Haec
725 1931 804 1985 erat.
852 1920 930 1984 Heu
945 1919 1101 1998 Libitina,
1117 1920 1184 1984 leto

486 2126 545 2190 Nil
558 2124 748 2190 adtulerunt
761 2137 837 2191 vota
850 2149 970 2205 morae,
986 2149 1090 2212 neqve

485 2228 632 2293 Multum
646 2230 804 2313 gementis
819 2252 895 2293 cura
911 2229 1100 2295 Britanniae
1114 2241 1147 2293 et

552 2331 719 2396 Poscentis
733 2355 871 2397 uxorem
887 2334 995 2397 mariti

615 2434 742 2499 Soliciti
756 2435 886 2500 valuere
902 2436 1055 2521 questus?

486 2640 612 2706 Notum
627 2651 666 2705 ut
678 2641 817 2727 legentis
831 2662 926 2727 saepe
940 2642 1134 2727 pependerit

484 2744 540 2808 Ex
553 2767 608 2808 ore
623 2744 743 2808 coniux
758 2744 915 2829 coniugis.
962 2745 1050 2809 Hinc
1067 2756 1124 2809 tuo

549 2845 696 2910 Narraris
711 2845 874 2911 effinxisse
887 2869 1033 2911 normam

614 2949 767 3034 Imperio,
784 2949 997 3035 reducemqve
1012 2949 1151 3015 Elissam

485 3152 525 3217 In
541 3163 574 3217 te
588 3153 740 3219 videbant
753 3152 847 3219 secla.
897 3153 963 3217 Sed
977 3153 1112 3217 abstulit

484 3255 562 3320 Nox
578 3278 642 3320 una
657 3266 780 3320 tantam
794 3279 883 3341 spem
897 3256 1023 3343 populi.
1062 3257 1166 3321 'liram

547 3358 723 3424 Cassandra
735 3359 762 3422 si
777 3359 903 3443 qvando
918 3360 1043 3423 ruinam

611 3459 757 3524 Fatidica
772 3460 941 3525 cecinisset
955 3483 1020 3539 ore,

484 3664 554 3727 Ceu
569 3664 667 3729 Troia
681 3665 840 3749 qvondam
855 3664 1029 3743 incredula,
1046 3666 1178 3730 vocibus

483 3765 541 3831 Nil
555 3766 741 3830 credidisset
755 3767 852 3830 surda
866 3767 1043 3845 Britannia,

549 3869 616 3955 Spe
630 3869 715 3934 laeta
730 3892 809 3953 qvae
824 3894 929 3955 nuper
943 3882 1102 3957 nepotum

612 3969 710 4034 Nunc
726 3972 817 4035 dabit
831 3972 961 4037 inferias
975 3972 1111 4058 parenti.
