3250 4692
578 442 762 493 SABRINAE
779 440 956 491 COROLLA.
1217 437 1265 491 297

387 612 435 676 Et
449 622 486 677 tu
500 613 671 699 purpureis
684 634 789 677 meam
802 610 944 675 faullam

389 714 528 802 Sparges
542 717 677 782 floribus
691 726 725 780 et
738 716 873 780 cadente
886 723 990 800 gutte,

388 817 423 882 N
424 841 460 883 eo
473 819 556 883 votis
569 818 640 883 locs
653 818 738 882 laetu
752 828 830 881 tunc
844 816 984 902 reqvires

390 920 464 989 Qvo
477 932 515 987 tu
529 922 589 986 flos
602 922 709 986 fueras
723 920 967 985 venustiorum?

899 1040 946 1097 W.
962 1038 996 1097 Ο.
1012 1036 1059 1117 (eo
1072 1033 1202 1113 Pnsuo.)

663 1212 865 1227 -1—2—

530 1394 648 1470 Peuce
665 1395 705 1469 be
721 1395 861 1469 oround
880 1394 915 1467 T
911 1395 984 1469 hee.

304 1560 353 1626 Te
367 1561 487 1627 circum
501 1562 574 1628 Pax
586 1562 669 1627 elma
682 1562 780 1642 volet,
796 1584 995 1649 qvocumqvo
1008 1562 1141 1648 vageris,

347 1663 460 1728 Unum
474 1673 527 1729 eet
540 1664 696 1729 aestivum
709 1665 776 1729 vite
788 1665 914 1730 imitata
928 1666 1013 1730 diem
1024 1692 1032 1745 ;

305 1762 471 1848 Qvidqvid
485 1772 519 1827 et
532 1763 567 1827 in
581 1764 665 1827 votis
678 1763 779 1828 fuerit
792 1764 864 1843 tibi,
880 1765 1016 1830 amabile
1032 1764 1195 1851 qvidqvid,

348 1866 400 1931 Sit
413 1888 519 1931 eomes
533 1866 574 1930 ad
587 1865 687 1930 laetos
701 1866 965 1953 concelebretqve
979 1867 1056 1932 vies.

303 1969 434 2034 Maeror
447 1970 505 2033 ubi
520 1968 644 2054 qvando
656 1969 819 2054 placidum
833 1969 1041 2035 maculaverit
1052 1990 1177 2047 sevum,

348 2070 506 2157 Splendet
520 2082 559 2136 ut
573 2095 616 2137 ex
629 2093 728 2136 verno
742 2073 864 2157 gratior
876 2073 979 2137 imbre
994 2072 1073 2149 dien,

305 2174 417 2238 Seoius
429 2173 519 2238 haud
531 2173 681 2238 lacrumis
693 2174 772 2258 fuga
785 2183 976 2253 maturetur,
992 2184 1031 2239 ut
1044 2173 1130 2259 ipsos

348 2276 479 2341 Plenior
492 2275 528 2339 in
541 2276 624 2339 risus
638 2275 865 2340 adcumuletur
877 2275 991 2342 honor.

305 2378 401 2447 Quae
414 2377 495 2441 nihil
511 2378 626 2442 obfuso
639 2400 704 2441 non
717 2378 751 2442 vi
764 2377 919 2462 robiginis
933 2388 1021 2443 aetas

282 2518 285 2523 ·
348 2480 490 2558 Proruit,
505 2480 602 2565 inqve
617 2480 686 2544 dies
699 2480 826 2565 singula
840 2492 949 2546 nostra
962 2480 1057 2566 rapit,

305 2582 354 2648 Te
368 2606 465 2669 super
478 2582 598 2647 invisos
612 2593 678 2647 tam
691 2580 808 2646 leuiter
822 2583 947 2667 ingerat
960 2605 1059 2647 annos

348 2685 532 2750 Innoouum
546 2694 585 2748 ut
599 2684 719 2749 teneris
732 2684 867 2748 floribus
881 2684 978 2749 eddet
992 2706 1083 2750 onus.

306 2787 398 2853 Dum
412 2787 537 2851 medius
549 2787 653 2851 noctis
666 2786 793 2872 patiens
806 2786 994 2871 mediusque
1010 2786 1075 2850 diei

349 2890 448 2959 Qvod
460 2888 560 2954 semel
573 2886 715 2954 institnit
729 2888 868 2953 volvitur
883 2890 969 2954 orbis
983 2889 1056 2968 iter,

306 2992 361 3057 Ah
375 3014 489 3079 precor
501 2991 558 3056 illu
572 3001 630 3056 tuo
645 3001 772 3057 tentum
784 3001 929 3057 versetur
942 2992 978 3056 in
991 3015 1046 3057 ore

349 3095 440 3164 Qvae
454 3117 530 3181 pers
543 3094 684 3159 adsiduis
698 3094 820 3159 solibus
833 3105 928 3159 aucta
941 3095 1035 3161 nitet.

849 3214 898 3273 W.
913 3213 949 3273 G.
963 3214 995 3274 0.
1009 3212 1058 3295 (eo
1070 3210 1208 3293 Moomo.)

687 3425 846 3440 ῃ

588 3612 700 3689 Amor
715 3614 766 3688 ad
780 3614 940 3691 women.

286 3777 353 3845 Cur
367 3778 479 3865 opifex
494 3778 656 3866 sculptum
670 3782 780 3868 posuit
792 3804 893 3868 prope
907 3780 1030 3846 flumen
1046 3782 1223 3848 Amorem?

347 3882 532 3949 Flsmmane
543 3884 655 3950 vicinis
668 3894 707 3948 ut
718 3896 919 3970 premeretur
932 3885 1041 3970 aquis?

809 4004 858 4064 w.
874 4004 912 4062 n.
927 4004 960 4063 Ρ.
974 4004 1023 4085 (e
1034 4004 1122 4063 Amr.
1139 4004 1206 4083 er.)

716 4121 738 4168 Q
754 4122 776 4169 Q
