<?xml version="1.0" encoding="UTF-8"?>
<!DOCTYPE html PUBLIC "-//W3C//DTD XHTML 1.0 Transitional//EN"
    "http://www.w3.org/TR/xhtml1/DTD/xhtml1-transitional.dtd">
<html xmlns="http://www.w3.org/1999/xhtml" xml:lang="en" lang="en">
 <head>
  <title>
</title>
<meta http-equiv="Content-Type" content="text/html;charset=utf-8" />
  <meta name='ocr-system' content='tesseract 3.04.00' />
  <meta name='ocr-capabilities' content='ocr_page ocr_carea ocr_par ocr_line ocrx_word'/>
</head>
<body>
  <div class='ocr_page' id='page_1' title='image "./sabrinaecorolla00shrgoog_0247.png"; bbox 0 0 3250 4692; ppageno 0'>
   <div class='ocr_carea' id='block_1_1' title="bbox 551 443 1245 495">
    <p class='ocr_par' dir='ltr' id='par_1_1' title="bbox 551 443 1245 495">
     <span class='ocr_line' id='line_1_1' title="bbox 551 443 1245 495; baseline 0.003 -3"><span class='ocrx_word' id='word_1_1' title='bbox 551 443 735 493; x_wconf 81' lang='lat' dir='ltr'>SABRINAE</span> <span class='ocrx_word' id='word_1_2' title='bbox 753 443 929 495; x_wconf 76' lang='lat' dir='ltr'><strong>COROLLA.</strong></span> <span class='ocrx_word' id='word_1_3' title='bbox 1197 447 1245 495; x_wconf 77' lang='lat'>213</span> 
     </span>
    </p>
   </div>
   <div class='ocr_carea' id='block_1_2' title="bbox 542 670 936 746">
    <p class='ocr_par' dir='ltr' id='par_1_2' title="bbox 542 670 936 746">
     <span class='ocr_line' id='line_1_2' title="bbox 542 670 936 746; baseline -0.003 0"><span class='ocrx_word' id='word_1_4' title='bbox 542 670 693 746; x_wconf 72' lang='lat' dir='ltr'>Scottum</span> <span class='ocrx_word' id='word_1_5' title='bbox 711 673 936 745; x_wconf 80' lang='lat' dir='ltr'>Monacense.</span> 
     </span>
    </p>
   </div>
   <div class='ocr_carea' id='block_1_3' title="bbox 366 829 1020 1222">
    <p class='ocr_par' dir='ltr' id='par_1_3' title="bbox 366 829 1020 1222">
     <span class='ocr_line' id='line_1_3' title="bbox 367 829 989 918; baseline -0.003 -22"><span class='ocrx_word' id='word_1_6' title='bbox 367 833 403 896; x_wconf 93' lang='lat' dir='ltr'>Si</span> <span class='ocrx_word' id='word_1_7' title='bbox 419 855 501 918; x_wconf 90' lang='lat' dir='ltr'>quae</span> <span class='ocrx_word' id='word_1_8' title='bbox 514 853 590 895; x_wconf 86' lang='lat' dir='ltr'>rura</span> <span class='ocrx_word' id='word_1_9' title='bbox 604 842 686 909; x_wconf 90' lang='lat' dir='ltr'>tuas,</span> <span class='ocrx_word' id='word_1_10' title='bbox 703 831 825 895; x_wconf 90' lang='lat' dir='ltr'>flumen</span> <span class='ocrx_word' id='word_1_11' title='bbox 840 829 989 908; x_wconf 85' lang='lat' dir='ltr'>amabile,</span> 
     </span>
     <span class='ocr_line' id='line_1_4' title="bbox 366 933 1020 1020; baseline -0.005 -21"><span class='ocrx_word' id='word_1_12' title='bbox 366 935 530 1020; x_wconf 89' lang='lat' dir='ltr'>Lympbas</span> <span class='ocrx_word' id='word_1_13' title='bbox 545 934 735 1019; x_wconf 91' lang='lat' dir='ltr'>despiciunt,</span> <span class='ocrx_word' id='word_1_14' title='bbox 752 934 780 997; x_wconf 90' lang='lat' dir='ltr'>si</span> <span class='ocrx_word' id='word_1_15' title='bbox 795 934 925 997; x_wconf 89' lang='lat' dir='ltr'>domino</span> <span class='ocrx_word' id='word_1_16' title='bbox 940 933 1020 996; x_wconf 89' lang='lat' dir='ltr'>mibi</span> 
     </span>
     <span class='ocr_line' id='line_1_5' title="bbox 432 1036 794 1120; baseline -0.011 -17"><span class='ocrx_word' id='word_1_17' title='bbox 432 1038 587 1103; x_wconf 88' lang='lat' dir='ltr'>Parerent</span> <span class='ocrx_word' id='word_1_18' title='bbox 600 1037 677 1119; x_wconf 81' lang='lat' dir='ltr'>iuga</span> <span class='ocrx_word' id='word_1_19' title='bbox 691 1036 794 1120; x_wconf 87' lang='lat' dir='ltr'>prima</span> 
     </span>
     <span class='ocr_line' id='line_1_6' title="bbox 498 1139 850 1222; baseline -0.003 -20"><span class='ocrx_word' id='word_1_20' title='bbox 498 1139 583 1202; x_wconf 90' lang='lat' dir='ltr'>Solis</span> <span class='ocrx_word' id='word_1_21' title='bbox 597 1139 669 1202; x_wconf 90' lang='lat' dir='ltr'>luce</span> <span class='ocrx_word' id='word_1_22' title='bbox 685 1139 831 1222; x_wconf 86' lang='lat' dir='ltr'>tepentia</span> <span class='ocrx_word' id='word_1_23' title='bbox 843 1164 850 1217; x_wconf 82' lang='lat'>3</span> 
     </span>
    </p>
   </div>
   <div class='ocr_carea' id='block_1_4' title="bbox 366 1275 1046 1667">
    <p class='ocr_par' dir='ltr' id='par_1_4' title="bbox 366 1275 1046 1667">
     <span class='ocr_line' id='line_1_7' title="bbox 368 1275 1004 1360; baseline -0.005 -19"><span class='ocrx_word' id='word_1_24' title='bbox 368 1277 505 1342; x_wconf 82' lang='lat' dir='ltr'>Consors</span> <span class='ocrx_word' id='word_1_25' title='bbox 519 1277 572 1339; x_wconf 89' lang='lat' dir='ltr'>hic</span> <span class='ocrx_word' id='word_1_26' title='bbox 587 1275 704 1340; x_wconf 87' lang='lat' dir='ltr'>teneris</span> <span class='ocrx_word' id='word_1_27' title='bbox 717 1275 869 1360; x_wconf 83' lang='lat' dir='ltr'>pluruma</span> <span class='ocrx_word' id='word_1_28' title='bbox 882 1275 1004 1339; x_wconf 86' lang='lat' dir='ltr'>vitibus</span> 
     </span>
     <span class='ocr_line' id='line_1_8' title="bbox 366 1377 1046 1464; baseline -0.006 -20"><span class='ocrx_word' id='word_1_29' title='bbox 366 1379 484 1444; x_wconf 83' lang='lat' dir='ltr'><strong>Ulmus</strong></span> <span class='ocrx_word' id='word_1_30' title='bbox 498 1388 628 1464; x_wconf 88' lang='lat' dir='ltr'>propter</span> <span class='ocrx_word' id='word_1_31' title='bbox 642 1400 754 1462; x_wconf 90' lang='lat' dir='ltr'>aqvam</span> <span class='ocrx_word' id='word_1_32' title='bbox 769 1389 925 1462; x_wconf 85' lang='lat' dir='ltr'><strong>surgeret,</strong></span> <span class='ocrx_word' id='word_1_33' title='bbox 941 1377 1046 1441; x_wconf 89' lang='lat' dir='ltr'>aureis</span> 
     </span>
     <span class='ocr_line' id='line_1_9' title="bbox 430 1479 797 1545; baseline -0.005 0"><span class='ocrx_word' id='word_1_34' title='bbox 430 1481 566 1545; x_wconf 87' lang='lat' dir='ltr'>Ferrcnt</span> <span class='ocrx_word' id='word_1_35' title='bbox 580 1480 687 1545; x_wconf 90' lang='lat' dir='ltr'>dulcia</span> <span class='ocrx_word' id='word_1_36' title='bbox 701 1479 797 1543; x_wconf 90' lang='lat' dir='ltr'>colles</span> 
     </span>
     <span class='ocr_line' id='line_1_10' title="bbox 495 1582 918 1667; baseline 0 -20"><span class='ocrx_word' id='word_1_37' title='bbox 495 1582 614 1647; x_wconf 88' lang='lat' dir='ltr'>Bacchi</span> <span class='ocrx_word' id='word_1_38' title='bbox 629 1605 761 1646; x_wconf 90' lang='lat' dir='ltr'>munera</span> <span class='ocrx_word' id='word_1_39' title='bbox 774 1582 918 1667; x_wconf 89' lang='lat' dir='ltr'>poculis:</span> 
     </span>
    </p>
   </div>
   <div class='ocr_carea' id='block_1_5' title="bbox 365 1717 999 2112">
    <p class='ocr_par' dir='ltr' id='par_1_5' title="bbox 365 1717 999 1999">
     <span class='ocr_line' id='line_1_11' title="bbox 367 1717 998 1804; baseline -0.002 -20"><span class='ocrx_word' id='word_1_40' title='bbox 367 1719 436 1784; x_wconf 91' lang='lat' dir='ltr'>Sub</span> <span class='ocrx_word' id='word_1_41' title='bbox 452 1729 558 1804; x_wconf 88' lang='lat' dir='ltr'>myrto</span> <span class='ocrx_word' id='word_1_42' title='bbox 572 1720 728 1784; x_wconf 84' lang='lat' dir='ltr'>recubans</span> <span class='ocrx_word' id='word_1_43' title='bbox 742 1717 828 1782; x_wconf 86' lang='lat' dir='ltr'>laeta</span> <span class='ocrx_word' id='word_1_44' title='bbox 842 1718 998 1783; x_wconf 88' lang='lat' dir='ltr'>sodalium</span> 
     </span>
     <span class='ocr_line' id='line_1_12' title="bbox 365 1821 999 1886; baseline -0.002 0"><span class='ocrx_word' id='word_1_45' title='bbox 365 1821 462 1886; x_wconf 87' lang='lat' dir='ltr'>Festa</span> <span class='ocrx_word' id='word_1_46' title='bbox 475 1822 547 1885; x_wconf 90' lang='lat' dir='ltr'>luce</span> <span class='ocrx_word' id='word_1_47' title='bbox 563 1821 675 1886; x_wconf 88' lang='lat' dir='ltr'>cohors</span> <span class='ocrx_word' id='word_1_48' title='bbox 691 1821 849 1885; x_wconf 87' lang='lat' dir='ltr'>cantubus</span> <span class='ocrx_word' id='word_1_49' title='bbox 864 1831 897 1885; x_wconf 94' lang='lat' dir='ltr'>et</span> <span class='ocrx_word' id='word_1_50' title='bbox 911 1845 999 1885; x_wconf 90' lang='lat' dir='ltr'>mero</span> 
     </span>
     <span class='ocr_line' id='line_1_13' title="bbox 384 1923 841 1999; baseline 0.002 -13"><span class='ocrx_word' id='word_1_51' title='bbox 384 1995 386 1999; x_wconf 18' lang='grc' dir='ltr'>ι</span> <span class='ocrx_word' id='word_1_52' title='bbox 430 1923 528 1987; x_wconf 89' lang='lat' dir='ltr'>Serae</span> <span class='ocrx_word' id='word_1_53' title='bbox 543 1924 646 1988; x_wconf 89' lang='lat' dir='ltr'>noctis</span> <span class='ocrx_word' id='word_1_54' title='bbox 660 1923 695 1986; x_wconf 90' lang='lat' dir='ltr'>in</span> <span class='ocrx_word' id='word_1_55' title='bbox 710 1924 841 1987; x_wconf 85' lang='lat' dir='ltr'>umbras</span> 
     </span>
    </p>

    <p class='ocr_par' dir='ltr' id='par_1_6' title="bbox 494 2027 938 2112">
     <span class='ocr_line' id='line_1_14' title="bbox 494 2027 938 2112; baseline 0.005 -21"><span class='ocrx_word' id='word_1_56' title='bbox 494 2027 627 2092; x_wconf 82' lang='lat' dir='ltr'>Mecum</span> <span class='ocrx_word' id='word_1_57' title='bbox 642 2027 759 2112; x_wconf 83' lang='lat' dir='ltr'>gaudia</span> <span class='ocrx_word' id='word_1_58' title='bbox 774 2028 938 2093; x_wconf 87' lang='lat' dir='ltr'>ducerent.</span> 
     </span>
    </p>
   </div>
   <div class='ocr_carea' id='block_1_6' title="bbox 364 2163 1063 2561">
    <p class='ocr_par' dir='ltr' id='par_1_7' title="bbox 364 2163 1063 2561">
     <span class='ocr_line' id='line_1_15' title="bbox 366 2163 929 2249; baseline 0.004 -23"><span class='ocrx_word' id='word_1_59' title='bbox 366 2163 414 2226; x_wconf 92' lang='lat' dir='ltr'>Ut</span> <span class='ocrx_word' id='word_1_60' title='bbox 428 2186 508 2248; x_wconf 87' lang='lat' dir='ltr'>qvae</span> <span class='ocrx_word' id='word_1_61' title='bbox 522 2164 660 2249; x_wconf 88' lang='lat' dir='ltr'>puniceo</span> <span class='ocrx_word' id='word_1_62' title='bbox 675 2165 778 2229; x_wconf 90' lang='lat' dir='ltr'>sidere</span> <span class='ocrx_word' id='word_1_63' title='bbox 794 2164 929 2228; x_wconf 88' lang='lat' dir='ltr'>flumina</span> 
     </span>
     <span class='ocr_line' id='line_1_16' title="bbox 364 2265 1063 2353; baseline 0.003 -23"><span class='ocrx_word' id='word_1_64' title='bbox 364 2265 540 2330; x_wconf 86' lang='lat' dir='ltr'>Inlustrata</span> <span class='ocrx_word' id='word_1_65' title='bbox 554 2266 682 2346; x_wconf 85' lang='lat' dir='ltr'>rubent,</span> <span class='ocrx_word' id='word_1_66' title='bbox 698 2268 743 2332; x_wconf 90' lang='lat' dir='ltr'>sic</span> <span class='ocrx_word' id='word_1_67' title='bbox 759 2290 883 2353; x_wconf 84' lang='lat' dir='ltr'>qvoqve</span> <span class='ocrx_word' id='word_1_68' title='bbox 899 2280 1063 2332; x_wconf 86' lang='lat' dir='ltr'>currerent</span> 
     </span>
     <span class='ocr_line' id='line_1_17' title="bbox 427 2368 843 2455; baseline 0.007 -23"><span class='ocrx_word' id='word_1_69' title='bbox 427 2368 537 2433; x_wconf 91' lang='lat' dir='ltr'>Plenis</span> <span class='ocrx_word' id='word_1_70' title='bbox 551 2392 651 2455; x_wconf 89' lang='lat' dir='ltr'>usqve</span> <span class='ocrx_word' id='word_1_71' title='bbox 666 2371 843 2455; x_wconf 85' lang='lat' dir='ltr'>fragrantes</span> 
     </span>
     <span class='ocr_line' id='line_1_18' title="bbox 492 2474 888 2561; baseline 0.008 -24"><span class='ocrx_word' id='word_1_72' title='bbox 492 2474 605 2538; x_wconf 91' lang='lat' dir='ltr'>Nostri</span> <span class='ocrx_word' id='word_1_73' title='bbox 620 2475 742 2538; x_wconf 86' lang='lat' dir='ltr'>deliciis</span> <span class='ocrx_word' id='word_1_74' title='bbox 757 2476 888 2561; x_wconf 83' lang='lat' dir='ltr'>scyphi:</span> 
     </span>
    </p>
   </div>
   <div class='ocr_carea' id='block_1_7' title="bbox 366 2607 1040 3002">
    <p class='ocr_par' dir='ltr' id='par_1_8' title="bbox 366 2607 1040 3002">
     <span class='ocr_line' id='line_1_19' title="bbox 366 2607 1039 2696; baseline 0.009 -25"><span class='ocrx_word' id='word_1_75' title='bbox 366 2607 539 2693; x_wconf 81' lang='lat' dir='ltr'>Nunqvam</span> <span class='ocrx_word' id='word_1_76' title='bbox 556 2609 651 2673; x_wconf 89' lang='lat' dir='ltr'>corda</span> <span class='ocrx_word' id='word_1_77' title='bbox 666 2609 757 2674; x_wconf 89' lang='lat' dir='ltr'>dolor</span> <span class='ocrx_word' id='word_1_78' title='bbox 772 2621 918 2696; x_wconf 88' lang='lat' dir='ltr'>tangeret</span> <span class='ocrx_word' id='word_1_79' title='bbox 932 2612 1039 2690; x_wconf 84' lang='lat' dir='ltr'>uvida,</span> 
     </span>
     <span class='ocr_line' id='line_1_20' title="bbox 366 2709 1040 2798; baseline 0.007 -25"><span class='ocrx_word' id='word_1_80' title='bbox 366 2709 436 2774; x_wconf 89' lang='lat' dir='ltr'>Nee</span> <span class='ocrx_word' id='word_1_81' title='bbox 453 2711 559 2774; x_wconf 88' lang='lat' dir='ltr'>tristes</span> <span class='ocrx_word' id='word_1_82' title='bbox 573 2712 695 2774; x_wconf 86' lang='lat' dir='ltr'>animos</span> <span class='ocrx_word' id='word_1_83' title='bbox 708 2712 784 2775; x_wconf 87' lang='lat' dir='ltr'>hinc</span> <span class='ocrx_word' id='word_1_84' title='bbox 799 2735 902 2798; x_wconf 88' lang='lat' dir='ltr'>neqve</span> <span class='ocrx_word' id='word_1_85' title='bbox 917 2714 1040 2778; x_wconf 90' lang='lat' dir='ltr'>sobrios</span> 
     </span>
     <span class='ocr_line' id='line_1_21' title="bbox 431 2814 877 2900; baseline 0.002 -22"><span class='ocrx_word' id='word_1_86' title='bbox 431 2814 510 2878; x_wconf 88' lang='lat' dir='ltr'>Nox</span> <span class='ocrx_word' id='word_1_87' title='bbox 526 2815 703 2879; x_wconf 87' lang='lat' dir='ltr'>dimitteret</span> <span class='ocrx_word' id='word_1_88' title='bbox 718 2837 877 2900; x_wconf 87' lang='lat' dir='ltr'>unqvam:</span> 
     </span>
     <span class='ocr_line' id='line_1_22' title="bbox 494 2917 925 3002; baseline 0.002 -22"><span class='ocrx_word' id='word_1_89' title='bbox 494 2917 580 2981; x_wconf 90' lang='lat' dir='ltr'>Nam</span> <span class='ocrx_word' id='word_1_90' title='bbox 594 2917 668 2981; x_wconf 89' lang='lat' dir='ltr'>vino</span> <span class='ocrx_word' id='word_1_91' title='bbox 683 2917 816 3002; x_wconf 84' lang='lat' dir='ltr'>fugiunt</span> <span class='ocrx_word' id='word_1_92' title='bbox 829 2917 925 2996; x_wconf 88' lang='lat' dir='ltr'>mala,</span> 
     </span>
    </p>
   </div>
   <div class='ocr_carea' id='block_1_8' title="bbox 366 3050 1027 3320">
    <p class='ocr_par' dir='ltr' id='par_1_9' title="bbox 366 3050 1027 3320">
     <span class='ocr_line' id='line_1_23' title="bbox 366 3050 1016 3130; baseline 0 -14"><span class='ocrx_word' id='word_1_93' title='bbox 366 3052 437 3116; x_wconf 86' lang='lat' dir='ltr'>Nec</span> <span class='ocrx_word' id='word_1_94' title='bbox 452 3062 489 3115; x_wconf 88' lang='lat' dir='ltr'>tu</span> <span class='ocrx_word' id='word_1_95' title='bbox 505 3074 578 3115; x_wconf 91' lang='lat' dir='ltr'>cum</span> <span class='ocrx_word' id='word_1_96' title='bbox 593 3051 695 3130; x_wconf 89' lang='lat' dir='ltr'>sociis,</span> <span class='ocrx_word' id='word_1_97' title='bbox 712 3050 822 3130; x_wconf 88' lang='lat' dir='ltr'>Liber,</span> <span class='ocrx_word' id='word_1_98' title='bbox 839 3051 1016 3116; x_wconf 89' lang='lat' dir='ltr'>Amoribus</span> 
     </span>
     <span class='ocr_line' id='line_1_24' title="bbox 366 3153 1027 3239; baseline -0.003 -20"><span class='ocrx_word' id='word_1_99' title='bbox 366 3154 431 3219; x_wconf 90' lang='lat' dir='ltr'>Hic</span> <span class='ocrx_word' id='word_1_100' title='bbox 446 3165 579 3238; x_wconf 91' lang='lat' dir='ltr'>propter</span> <span class='ocrx_word' id='word_1_101' title='bbox 592 3153 689 3239; x_wconf 88' lang='lat' dir='ltr'>patrii</span> <span class='ocrx_word' id='word_1_102' title='bbox 704 3175 870 3218; x_wconf 89' lang='lat' dir='ltr'>murmura</span> <span class='ocrx_word' id='word_1_103' title='bbox 883 3154 1027 3218; x_wconf 84' lang='lat' dir='ltr'>fluminis</span> 
     </span>
     <span class='ocr_line' id='line_1_25' title="bbox 431 3255 792 3320; baseline -0.006 0"><span class='ocrx_word' id='word_1_104' title='bbox 431 3256 546 3320; x_wconf 89' lang='lat' dir='ltr'>Nescis</span> <span class='ocrx_word' id='word_1_105' title='bbox 560 3256 696 3319; x_wconf 88' lang='lat' dir='ltr'>condere</span> <span class='ocrx_word' id='word_1_106' title='bbox 710 3255 792 3319; x_wconf 83' lang='lat' dir='ltr'>felix</span> 
     </span>
    </p>
   </div>
   <div class='ocr_carea' id='block_1_9' title="bbox 495 3359 1179 3524">
    <p class='ocr_par' dir='ltr' id='par_1_10' title="bbox 495 3359 1179 3524">
     <span class='ocr_line' id='line_1_26' title="bbox 495 3359 889 3445; baseline 0.005 -22"><span class='ocrx_word' id='word_1_107' title='bbox 495 3359 535 3423; x_wconf 90' lang='lat' dir='ltr'>ln</span> <span class='ocrx_word' id='word_1_108' title='bbox 551 3359 643 3424; x_wconf 88' lang='lat' dir='ltr'>terris</span> <span class='ocrx_word' id='word_1_109' title='bbox 659 3382 771 3424; x_wconf 91' lang='lat' dir='ltr'>nemus</span> <span class='ocrx_word' id='word_1_110' title='bbox 785 3359 889 3445; x_wconf 84' lang='lat' dir='ltr'>Elysi.</span> 
     </span>
     <span class='ocr_line' id='line_1_27' title="bbox 1042 3465 1179 3524; baseline 0.007 -3"><span class='ocrx_word' id='word_1_111' title='bbox 1042 3466 1076 3523; x_wconf 86' lang='lat' dir='ltr'>E.</span> <span class='ocrx_word' id='word_1_112' title='bbox 1091 3465 1129 3524; x_wconf 91' lang='grc' dir='ltr'>Η.</span> <span class='ocrx_word' id='word_1_113' title='bbox 1145 3466 1179 3522; x_wconf 91' lang='lat' dir='ltr'>G.</span> 
     </span>
    </p>
   </div>
   <div class='ocr_carea' id='block_1_10' title="bbox 608 3580 856 3590">
    <p class='ocr_par' dir='ltr' id='par_1_11' title="bbox 608 3580 856 3590">
     <span class='ocr_line' id='line_1_28' title="bbox 608 3580 856 3590; baseline -0.012 0"><span class='ocrx_word' id='word_1_114' title='bbox 608 3580 856 3590; x_wconf 83' lang='lat'><strong>-—-———-—-</strong></span> 
     </span>
    </p>
   </div>
   <div class='ocr_carea' id='block_1_11' title="bbox 378 3699 1083 3797">
    <p class='ocr_par' dir='ltr' id='par_1_12' title="bbox 378 3699 1083 3797">
     <span class='ocr_line' id='line_1_29' title="bbox 378 3699 1083 3797; baseline 0.009 -26"><span class='ocrx_word' id='word_1_115' title='bbox 378 3699 611 3797; x_wconf 74' lang='lat' dir='ltr'>Epitaphium</span> <span class='ocrx_word' id='word_1_116' title='bbox 628 3702 879 3775; x_wconf 81' lang='lat' dir='ltr'>Plurumorom</span> <span class='ocrx_word' id='word_1_117' title='bbox 897 3728 1083 3777; x_wconf 80' lang='lat' dir='ltr'>commune.</span> 
     </span>
    </p>
   </div>
   <div class='ocr_carea' id='block_1_12' title="bbox 276 3871 1103 4064">
    <p class='ocr_par' dir='ltr' id='par_1_13' title="bbox 276 3871 1103 4064">
     <span class='ocr_line' id='line_1_30' title="bbox 276 3871 1043 3959; baseline 0.004 -21"><span class='ocrx_word' id='word_1_118' title='bbox 276 3873 338 3938; x_wconf 87' lang='lat' dir='ltr'>Vir</span> <span class='ocrx_word' id='word_1_119' title='bbox 352 3871 458 3937; x_wconf 88' lang='lat' dir='ltr'>situ’st</span> <span class='ocrx_word' id='word_1_120' title='bbox 470 3873 505 3936; x_wconf 96' lang='lat' dir='ltr'>in</span> <span class='ocrx_word' id='word_1_121' title='bbox 520 3874 580 3937; x_wconf 89' lang='lat' dir='ltr'>hoc</span> <span class='ocrx_word' id='word_1_122' title='bbox 595 3874 742 3958; x_wconf 86' lang='lat' dir='ltr'>sepulcro</span> <span class='ocrx_word' id='word_1_123' title='bbox 757 3877 1043 3959; x_wconf 83' lang='lat' dir='ltr'>septuagenarius:</span> 
     </span>
     <span class='ocr_line' id='line_1_31' title="bbox 279 3975 1103 4064; baseline 0.002 -24"><span class='ocrx_word' id='word_1_124' title='bbox 279 3975 384 4040; x_wconf 84' lang='lat' dir='ltr'>Natus</span> <span class='ocrx_word' id='word_1_125' title='bbox 400 3985 458 4055; x_wconf 88' lang='lat' dir='ltr'>est,</span> <span class='ocrx_word' id='word_1_126' title='bbox 476 3975 553 4055; x_wconf 83' lang='lat' dir='ltr'>odit,</span> <span class='ocrx_word' id='word_1_127' title='bbox 569 3977 664 4056; x_wconf 88' lang='lat' dir='ltr'>bibit,</span> <span class='ocrx_word' id='word_1_128' title='bbox 682 3976 843 4056; x_wconf 88' lang='lat' dir='ltr'>dormivit,</span> <span class='ocrx_word' id='word_1_129' title='bbox 860 3979 942 4043; x_wconf 91' lang='lat' dir='ltr'>obiit</span> <span class='ocrx_word' id='word_1_130' title='bbox 957 3980 1103 4064; x_wconf 87' lang='lat' dir='ltr'>deniqvc.</span> 
     </span>
    </p>
   </div>
   <div class='ocr_carea' id='block_1_13' title="bbox 1141 4106 1179 4163">
    <p class='ocr_par' dir='ltr' id='par_1_14' title="bbox 1141 4106 1179 4163">
     <span class='ocr_line' id='line_1_32' title="bbox 1141 4106 1179 4163; baseline 0.026 -1"><span class='ocrx_word' id='word_1_131' title='bbox 1141 4106 1179 4163; x_wconf 89' lang='lat' dir='ltr'>K.</span> 
     </span>
    </p>
   </div>
   <div class='ocr_carea' id='block_1_14' title="bbox 0 0 1630 4692">
    <p class='ocr_par' dir='ltr' id='par_1_15' title="bbox 0 0 1630 4692">
     <span class='ocr_line' id='line_1_33' title="bbox 0 0 1630 4692; baseline 0 0"><span class='ocrx_word' id='word_1_132' title='bbox 0 0 1630 4692; x_wconf 95' lang='lat' dir='ltr'> </span> 
     </span>
    </p>
   </div>
  </div>
 </body>
</html>
