3250 4692
595 450 779 502 SABRINAE
797 451 970 502 COROLLA.

658 708 901 784 Ρνοοιοιίιοοο.

370 889 441 956 Ούκ
455 889 589 973 άμπνοή
604 916 665 971 τις,
682 891 721 956 ού
733 887 935 974 μεταλλαγὴ
946 886 1067 972 πόνων,

369 993 429 1058 οὐκ
444 992 551 1063 ε’λπίς·
574 990 655 1058 ἀλλ’
672 991 718 1059 ἔθ’
734 992 835 1076 οὑμὸς
848 992 984 1082 ἀντέχει
996 992 1082 1073 βίος·

371 1095 426 1160 καὶ
438 1096 505 1179 μὴν
519 1094 620 1163 πέδον
633 1101 693 1180 γῆς
709 1094 802 1179 τῆσδ’
818 1096 907 1180 ὅμως
921 1097 1130 1186 μαρτύρομαι

370 1196 448 1265 οίων
462 1199 566 1286 ὄρειοι
580 1203 706 1286 πρῶνες
721 1197 888 1285 ᾔσθηνται
902 1203 1022 1267 κακῶν·

369 1301 426 1367 καὶ
441 1302 498 1370 τόν
511 1304 686 1384 πανόπτην
700 1301 794 1369 τόνδε
809 1301 988 1389 δέρκεσθαι
1004 1304 1098 1370 καλῶ

371 1403 406 1470 ἐν
421 1405 546 1493 οὐρανῷ
559 1403 743 1492 φλέγοντος
756 1404 856 1486 ἡλίου
869 1405 1003 1485 κύκλον,

371 1505 428 1572 καὶ
443 1506 563 1575 πόντον
579 1507 701 1576 εὕδοντ’
717 1508 739 1591 ἢ
756 1509 840 1593 ζάλη
856 1506 1045 1590 κινούμενον

372 1609 544 1698 άείρρντον
557 1613 726 1700 μόρφωμα
741 1614 805 1677 τῶν
820 1611 887 1677 ἅνω
902 1611 1015 1677 τόπων

373 1712 475 1802 ἔνερθ’
490 1714 758 1804 ἅναπτνχθέντα·
782 1716 852 1797 μῶν
867 1713 947 1797 ἐμάς
963 1712 1041 1784 δύας

374 1815 429 1882 καὶ
445 1815 528 1905 κῶφ’
541 1816 630 1900 ὅμως
644 1817 688 1883 τὰ
704 1814 821 1899 κύματ’
838 1816 898 1881 οὐκ
913 1815 1055 1898 ἀκήκοεν
1063 1842 1074 1894 ;

372 1917 395 1984 ἃ
409 1917 441 1984 ά·
466 1919 505 1986 ἔα
520 1918 569 1984 ἔα.

371 2020 436 2088 αιέὶ
449 2021 603 2110 μαραίνει
616 2017 651 2104 μ’
668 2021 773 2105 ἄλγος
788 2021 849 2088 οὐκ
863 2019 1062 2110 ἀνασχετόν.

371 2124 515 2214 λόγχαις
529 2123 683 2212 ἀτρύτοις
699 2123 753 2206 ὥς,
769 2124 978 2212 ε’φέρπουσαι
991 2125 1115 2214 λάθρη,

372 2224 674 2313 κρυσταλλοπῆηές
687 2223 721 2309 μ’
738 2224 811 2292 ωδε
826 2230 998 2293 κεντοῦσιν
1011 2226 1097 2314 ῥοαί·

373 2329 492 2414 δεσμοὶ
506 2329 542 2396 δὲ
557 2329 791 2418 παχνωθέντες
806 2329 850 2400 ὡς
863 2330 967 2417 πυρὸς
982 2331 1094 2417 «γνάθῳ

373 2431 535 2498 δάπτοωσ’
551 2432 584 2503 ές
598 2431 690 2519 ἧπαρ
706 2432 835 2519 σάρκας
851 2431 1092 2515 ἐκθοινώμενοι·

374 2535 455 2616 Ζεῦ,
472 2533 531 2606 σός
546 2533 573 2600 δ’
589 2533 737 2617 ἀμύσσει
752 2532 891 2621 καρδίαν
905 2534 1029 2616 πτηνὸς
1043 2534 1129 2602 κύων

375 2637 414 2722 ἴῳ
428 2637 569 2721 μιαίνων
582 2641 700 2725 χεῖλος
715 2635 962 2720 αἱματοσταιγὲς

375 2741 440 2805 τῶν
455 2741 525 2805 σῶν
538 2737 647 2826 ῥέοντι
662 2739 744 2804 κούκ
759 2736 817 2804 ἀπ’
833 2738 963 2806 οἰκείων
975 2737 1118 2822 ιγνάθων.

375 2842 475 2929 ὄφεις
491 2839 517 2907 δ’
533 2840 681 2930 ἄμορφοι
696 2845 926 2915 πολυπλανεΐς
941 2840 1079 2931 φοιτῶσ’
1095 2842 1159 2923 άεί,

376 2943 418 3009 τὰ
433 2942 566 3032 σμέρδν’
582 2942 715 3032 ὀνείρων
730 2943 975 3033 δυσπρόσοπτα
990 2945 1165 3033 φάσματα,

376 3037 618 3131 ἐπεγηελῶσαιῖ
641 3051 711 3120 τοῖς
726 3047 753 3113 δ’
769 3047 881 3137 ἔνερθε
895 3047 1060 3132 δαίμοσιν,

377 3149 411 3216 οἳ
423 3154 485 3233 γῆν
499 3147 691 3232 σαλεύουσ’,
708 3151 832 3218 ἑλκέων
846 3150 1055 3240 φονορρύτων

377 3253 478 3325 πέδας
493 3253 654 3321 άποσπᾶν
669 3253 840 3344 διατόρους
854 3253 1058 3322 ἐντέλλεται.

1098 3354 1235 3414 EM&

653 3471 923 3483 —————

447 3615 483 3687 Τ
476 3617 710 3716 ragoedorum
729 3613 917 3690 Certamen
934 3617 1142 3714 ambignum.

319 3797 401 3863 2m
416 3797 501 3879 θεόν,
514 3797 661 3884 σέβομέν
672 3825 713 3865 σε
726 3797 799 3884 μέγ’
812 3797 942 3888 ἔξοχον,
955 3799 1098 3883 uma,
1108 3794 1296 3886 τραγῳδῶν·

382 3903 452 3974 πῶς
467 3901 504 3968 δὲ
519 3905 611 3968 καλῶ
626 3901 658 3966 σ’
674 3902 784 3968 ἄλλον
799 3901 962 3990 δεύτερον,
977 3901 1003 3968 ὦ
1018 3898 1212 3987 Σόφοκλες;

1068 4003 1258 4064 ΗΑῶΜ
