3250 4692
578 434 761 484 SABRINAE
779 435 955 485 c0ROLLA.

483 707 689 806 Linqveada
713 708 833 781 Tellus
849 720 884 782 et
901 710 1050 781 Domus.

309 893 387 958 Nox
402 903 487 957 retro
500 902 670 978 properat:
694 890 829 975 pallenti
843 891 975 956 Lucifer
989 904 1062 956 ortu

352 996 422 1060 Iam
436 994 574 1059 tremula
588 994 701 1057 dubias
716 993 861 1079 lampade
875 995 982 1079 pulsat
996 1017 1102 1079 aqvas.

309 1098 495 1164 Transferet
509 1098 560 1163 hic
575 1098 615 1162 ah
630 1120 681 1161 me
694 1098 897 1182 peregrinam
911 1098 1029 1162 fluctus
1044 1099 1085 1161 ad
1099 1120 1198 1174 oram,

352 1202 424 1269 Qva
438 1224 542 1287 neqve
557 1222 718 1264 amornec
733 1223 805 1285 spes
819 1223 879 1264 nec
894 1223 984 1264 meus
997 1201 1081 1285 ignis
1096 1202 1167 1265 erit.

308 1406 440 1490 Frigida
454 1406 494 1469 de
509 1405 592 1470 celso
606 1405 790 1469 funduntur
802 1405 927 1468 lumina
939 1404 1038 1483 caelo,

353 1508 543 1593 Frigidaqve
559 1508 636 1572 haec
650 1508 753 1572 refluo
768 1508 902 1593 suscipit
916 1508 1002 1571 unda
1015 1509 1106 1572 sinu:

309 1611 490 1696 Frigidiora
505 1622 612 1675 tamen
628 1610 710 1675 torvi
724 1610 813 1675 videt
827 1610 962 1696 hospitis
977 1633 1031 1674 ora

354 1715 500 1793 Advena,
517 1714 570 1778 cui
584 1714 697 1799 procul
713 1724 761 1779 est
776 1726 862 1778 trans
877 1736 963 1778 mare
977 1736 1050 1777 cara
1064 1714 1187 1780 domus.

312 1920 518 2005 Tempestate
532 1918 598 1996 illa,
615 1940 710 2003 qvom
724 1916 826 2003 pallet
839 1917 977 2002 frigidus
991 1918 1111 1999 aether,

355 2023 433 2087 Lux
449 2046 530 2099 mea,
546 2045 588 2085 ne
604 2021 692 2085 cordi
706 2021 750 2083 sit
764 2021 945 2084 meminisse
959 2021 1033 2085 mei.

313 2124 413 2190 Hunc
427 2123 548 2188 recoles
563 2123 688 2201 melius,
706 2123 759 2208 qvi
774 2134 807 2186 te
823 2123 983 2187 desiderat
997 2125 1119 2203 absens,

354 2226 489 2291 Aestivo
504 2226 665 2311 placidum
680 2224 747 2288 sole
761 2235 895 2309 petente
911 2237 1028 2290 torum.

312 2432 426 2497 Litora
440 2430 485 2493 sic
501 2429 624 2514 qvoties
638 2428 678 2492 ad
693 2428 876 2512 vespertina
890 2430 1039 2513 vagabor,

356 2534 632 2617 Mnemosyneqve
646 2530 753 2593 animo
768 2530 861 2594 ludet
873 2543 979 2595 amata
993 2554 1076 2609 meo,

312 2636 430 2701 Omnia
444 2646 477 2698 te
491 2634 650 2698 referent:
674 2631 788 2695 oculus
802 2643 879 2695 tuus
893 2634 1049 2718 effugiens
1062 2636 1133 2714 lux,

356 2739 403 2804 Et
417 2748 494 2802 tuus
509 2737 673 2821 exspirans
687 2757 765 2799 aura
778 2756 927 2799 susurrus
942 2736 1013 2801 erit.

1084 2841 1122 2898 V.
1137 2842 1170 2899 B.
1184 2843 1212 2900 J.

686 3054 863 3064 ———

589 3292 751 3366 Multum
768 3294 805 3366 iu
821 3294 954 3368 Parvo.

314 3471 374 3537 Vis
388 3470 483 3555 primi
498 3471 592 3535 flores
607 3493 679 3535 cum
695 3472 756 3535 seri
772 3471 943 3536 fruetubus
958 3475 1044 3552 anni,

358 3574 454 3642 Qvod
468 3574 558 3639 iuvet
572 3574 697 3639 utiliter
712 3576 771 3654 vis,
788 3577 874 3661 qvod
888 3589 1031 3641 amanter
1046 3576 1120 3657 alat,

314 3676 375 3742 Vis
390 3676 513 3741 eaelum
528 3689 562 3742 et
576 3688 692 3741 terram
708 3679 936 3763 comprendere
950 3680 1079 3744 nomine
1092 3680 1128 3744 in
1143 3684 1232 3746 uno?

357 3779 480 3844 Fannia
494 3780 564 3846 dic:
588 3803 690 3844 unum
705 3780 767 3845 hoe
782 3782 889 3846 omnia
903 3805 1021 3847 nomen
1036 3783 1143 3850 habet.

1177 3886 1216 3946 K.
