3250 4692
585 447 767 498 SABRINAE
785 448 960 498 conoLLa,

707 782 836 857 Poeta.

315 944 432 1010 Vatem
446 946 538 1011 illum
553 949 661 1034 rapuit
676 974 759 1015 mors
773 951 944 1028 inmatura,
960 948 1169 1033 sepulcroqve

315 1047 463 1113 Invidere
477 1050 632 1129 homineS,
647 1053 731 1137 grati
746 1052 867 1135 pietate
879 1051 1017 1116 laboris:

315 1150 381 1214 Sed
395 1152 553 1216 desiderio
567 1153 692 1218 fervens
707 1154 861 1219 divinitus
874 1176 952 1219 aura

315 1252 488 1317 Desertum
504 1254 676 1319 celebravit
690 1280 812 1341 agrum,
829 1255 1063 1340 marcentiaqve
1078 1276 1148 1317 ossa

315 1354 498 1420 Frondibus
513 1360 678 1423 auctumni
695 1370 855 1423 marcente
869 1358 1026 1423 instruxit
1039 1378 1161 1421 acervo.

316 1458 371 1521 Ah
386 1459 498 1544 pulcer
512 1461 654 1525 iuvenis!
677 1484 741 1525 non
756 1463 846 1547 virgo
860 1473 981 1527 maesta
995 1481 1179 1546 cupressum

315 1561 467 1626 Votivam
481 1563 631 1649 inspersit
643 1587 748 1649 neque
763 1564 857 1628 flores
871 1587 942 1629 rore
957 1563 1131 1638 madentes,

316 1662 412 1728 Solus
426 1664 484 1728 ubi
499 1676 628 1729 aeterna
641 1667 764 1751 sopitus
778 1678 873 1731 nocte
886 1667 1022 1730 iacebas.

317 1765 398 1830 Tam
413 1767 539 1832 dulcem
553 1768 684 1853 periisse
698 1768 801 1832 virum
816 1769 996 1853 fortemqve
1010 1768 1194 1848 bonumque

316 1868 437 1933 Debita
450 1893 515 1934 non
530 1870 634 1934 socius
648 1871 738 1955 rupit
752 1870 888 1955 suspiria
901 1881 1008 1947 vates;

317 1971 378 2035 Ille
391 1995 506 2037 canens
520 1973 604 2037 idem
619 1984 714 2037 natus
728 1973 929 2058 moriensque
942 1971 1070 2036 fefellit.

316 2074 365 2138 Ut
378 2076 469 2139 stetit
482 2086 520 2139 ut
532 2076 623 2139 flevit
635 2075 796 2139 ferventes
809 2076 931 2139 advena
944 2083 1056 2138 cantus

315 2175 407 2240 Aure
421 2177 545 2255 bibens,
562 2178 690 2262 visoque
705 2176 814 2256 semel,
832 2178 910 2241 dum
924 2176 1087 2263 praeterit,
1101 2173 1159 2238 illo

314 2277 501 2363 Flagrantes
516 2279 683 2344 oculorum
697 2291 803 2344 aestus
817 2280 932 2344 mirata
944 2279 1054 2365 puella

316 2380 462 2466 Deperit,
480 2392 513 2445 et
527 2382 615 2447 lento
630 2382 732 2467 ignoti
747 2383 883 2446 tabescit
896 2404 1014 2446 amore.

314 2482 412 2547 Nunc
426 2496 567 2549 teneram
583 2486 696 2570 longae
711 2486 871 2550 flammam
886 2485 1074 2549 exstinxere
1089 2481 1251 2559 tenebrae,

315 2584 455 2649 Lumina
468 2586 639 2671 diriguere,
656 2598 690 2651 et
703 2587 737 2651 in
751 2588 822 2673 ipsa
835 2609 912 2651 voce
924 2586 1072 2651 laborans

314 2687 457 2753 Includit
471 2689 629 2755 taciturna
643 2712 719 2754 cavo
734 2689 927 2776 Proserpina
940 2712 1030 2755 saxo.

1068 2791 1117 2850 W.
1132 2789 1168 2849 G.
1183 2791 1216 2849 G.

609 3220 748 3293 Pharos
765 3222 927 3319 loquitur.

444 3388 635 3473 Longinqvo
648 3386 761 3472 procul
775 3388 810 3451 in
824 3387 920 3453 maris
934 3409 1059 3452 recessu

445 3491 640 3555 Horrentem
656 3490 809 3556 excubias
824 3514 883 3576 ago
897 3514 956 3577 per
969 3513 1068 3569 oram,

444 3594 512 3658 Ceu
526 3594 632 3676 fulget
645 3593 732 3657 vario
746 3592 853 3657 colore
866 3617 992 3678 gemma

441 3696 468 3759 F
470 3695 555 3758 urvis
570 3694 711 3757 crinibus
725 3695 878 3780 inplicata
892 3696 1025 3774 Noctis3

442 3798 500 3862 Me
515 3798 541 3861 si
556 3797 663 3860 navita
676 3796 793 3861 viderit
804 3799 986 3876 rubentem,

442 3900 519 3966 Non
535 3910 626 3965 curat
639 3896 789 3964 timidum
802 3900 936 3985 inligare
950 3900 1067 3965 velum.

1062 4002 1112 4060 W.
1127 4000 1163 4059 G.
1179 3998 1211 4057 0.
