3250 4692
573 421 756 473 SABRINAE
774 423 952 474 COROLLA.
1220 427 1268 477 211

566 811 698 914 Famae
709 843 830 939 primo
850 839 955 915 Dies.

303 1007 393 1073 Haec
407 1011 512 1076 famae
528 1013 588 1077 tibi
602 1014 705 1099 prima
721 1014 798 1092 dies,
815 1014 893 1078 haec
907 1015 1034 1078 ultuma
1047 1013 1149 1078 vitae:

345 1112 473 1178 Nomen
488 1116 550 1179 erit
564 1117 686 1200 patriae
702 1139 827 1202 semper
840 1117 875 1180 in
890 1139 945 1181 ore
960 1128 1074 1181 tuum:

302 1213 422 1280 Sedula
437 1217 572 1283 dilectae
586 1219 686 1302 prolis
701 1219 787 1283 canit
799 1218 857 1282 illa
871 1218 1070 1302 triumphos:

346 1317 435 1385 Qvot
448 1320 570 1384 validos
583 1322 714 1406 proprio
730 1322 879 1386 straverit
894 1344 969 1384 ense
983 1321 1077 1398 viros,

302 1419 389 1486 Qvas
405 1421 517 1486 tulerit
530 1423 617 1486 bello
629 1423 750 1502 laurus,
767 1446 831 1508 qvo
845 1422 949 1487 victor
961 1423 1003 1486 ab
1016 1421 1110 1487 hoste

344 1523 538 1588 Reddiderit
551 1525 675 1610 populo
690 1525 793 1589 libera
806 1525 878 1589 iura
891 1547 962 1590 suo.

301 1622 447 1705 Occidis;
471 1637 515 1705 at,
532 1627 609 1690 dum
624 1650 683 1690 nos
696 1627 829 1714 libertus
842 1627 926 1691 alma
939 1636 1061 1705 tuetur,

344 1727 419 1791 Non
436 1739 468 1792 te
483 1751 568 1792 mors
582 1751 711 1792 omnem
726 1729 786 1792 sub
803 1727 926 1792 ditione
940 1738 1076 1812 premet.

299 1830 364 1897 Qvi
380 1831 440 1895 tibi
454 1831 614 1916 profluxit
627 1855 801 1916 generosus
816 1854 949 1917 corpore
964 1832 1092 1915 sangvie

343 1934 377 1998 N
378 1956 420 1998 on
436 1935 512 1999 tulit
526 1935 696 2020 indignum
712 1935 958 2020 commaculasse
972 1935 1092 2000 solum:

299 2036 393 2101 Illius
408 2035 438 2101 O
452 2047 576 2102 nostras
592 2038 784 2125 opulentent
798 2037 933 2101 flumina
946 2059 1054 2116 venas,

341 2139 440 2205 Vivat
454 2140 535 2204 etin
549 2152 660 2205 nostro
675 2141 809 2227 spiritus
824 2163 879 2204 ore
894 2152 981 2205 tuus.

302 2242 415 2307 Sicubi
433 2242 521 2306 Mers
534 2243 658 2328 patrius
673 2265 801 2307 saevum
816 2243 964 2307 volvetur
976 2243 1011 2306 in
1024 2241 1161 2322 hostem,

342 2344 419 2409 Sola
434 2354 527 2408 tuum
540 2368 669 2431 pugnae
684 2356 803 2409 tessera
816 2367 935 2408 nomen
950 2345 1030 2409 erit:

298 2446 420 2511 Nostra
433 2447 530 2511 decus
545 2448 628 2512 tanti
643 2446 853 2511 celebrabunt
866 2446 1005 2510 carmine
1018 2444 1087 2524 leti,

341 2549 491 2614 Carmina
503 2549 652 2634 virgineis
666 2548 892 2632 ingeminando
906 2548 1022 2612 choris.

298 2650 429 2734 Magne,
447 2661 521 2714 tuae
536 2651 632 2715 fletus
647 2662 752 2715 essent
766 2650 885 2714 iniuria
899 2650 1021 2714 famae:

341 2752 532 2821 Questubus
547 2752 577 2818 Ο
592 2753 689 2816 nullis
705 2751 934 2830 dedecorande,
950 2749 1044 2817 Vale.

1161 2853 1200 2910 K.

597 3399 721 3474 Notus
738 3395 916 3494 Perfidiir.

340 3581 454 3665 Virgo,
470 3581 578 3646 desine
593 3589 782 3666 questuum:

385 3683 491 3748 Natus
504 3683 648 3770 perfidiis
660 3695 709 3747 est
723 3691 756 3746 et
771 3681 834 3745 erit
846 3703 947 3764 puer:

343 3783 406 3849 Par
419 3807 580 3871 nunquam
595 3787 656 3850 sibi
667 3813 675 3864 3
700 3797 733 3850 at
747 3783 848 3849 altero

384 3887 498 3953 Terras
512 3912 610 3976 usqve
626 3911 783 3976 premens,
802 3885 904 3950 altero
919 3907 1014 3970 aqvas
1029 3883 1144 4040 pede.R
1168 3983 1198 4040 a
