3250 4692
580 427 762 478 SABRINAE
781 430 955 480 COROLLA.

700 765 834 865 Frigus.

267 962 347 1038 Hos,
363 986 486 1050 precor,
502 963 562 1028 hos
577 963 690 1028 saltem
705 965 829 1030 steriles
843 965 922 1031 mihi
936 965 1046 1053 linqve
1059 991 1220 1049 recessus;

307 1067 449 1132 Laedere
463 1067 617 1153 fagineos,
633 1069 763 1148 rustice,
780 1093 875 1154 parce
895 1093 1010 1136 comas.

264 1167 359 1233 Flore
374 1171 450 1235 licet
463 1193 628 1256 nunqvam
643 1182 793 1236 tenerare
807 1173 955 1237 adriserit
970 1172 1070 1240 herba

307 1273 437 1358 Frigida
451 1297 530 1359 qvae
544 1285 655 1340 nostra
669 1273 783 1339 fronde
798 1275 949 1360 nigrescit
963 1276 1082 1341 humus
1094 1305 1102 1355 3

265 1373 335 1439 Nec
349 1398 440 1440 roseo
454 1376 561 1440 ridens
574 1376 658 1440 luxu
674 1378 818 1442 croceive
833 1379 947 1443 coloris

304 1479 464 1543 Roscidus
478 1480 597 1544 aestivo
613 1480 734 1565 fragret
748 1481 846 1544 odore
861 1481 955 1566 calyx
967 1509 975 1561 3

266 1579 301 1644 Si
315 1604 417 1666 neqve
433 1582 493 1646 sub
507 1582 594 1647 foliis
609 1606 693 1647 anno
707 1583 855 1668 fugiente
868 1584 989 1649 relictis

306 1684 406 1748 Edita
420 1685 459 1749 de
474 1695 585 1750 tenero
600 1686 743 1769 germine
757 1709 854 1772 poma
868 1688 996 1767 rubent,

264 1785 334 1850 Nec
348 1809 421 1851 mea
434 1786 602 1851 mellificae
619 1801 776 1873 quaerunt
789 1812 849 1874 per
862 1790 993 1854 brachie
1006 1803 1119 1875 gentes

306 1889 490 1969 Nectareas,
507 1891 595 1955 cellis
613 1914 692 1976 qvae
708 1891 924 1971 cumulentur,
942 1916 1037 1978 opes:

264 1993 335 2057 Hos
350 2005 467 2072 tamen,
485 1993 542 2057 hos
557 1993 670 2058 saltem
685 1994 808 2058 steriles
822 1995 902 2059 mihi
917 1994 1025 2081 linqve
1039 2019 1198 2076 recessus3

305 2096 448 2161 Laedere
462 2096 614 2181 fagineae,
629 2097 759 2174 rustice,
773 2119 869 2182 perce
885 2120 1001 2162 comas.

263 2197 360 2263 Nunc
375 2222 435 2284 ego
451 2210 602 2263 centenos
616 2199 682 2263 vidi
697 2199 858 2263 inmutata
871 2222 931 2284 per
945 2223 1044 2265 annos

307 2303 381 2367 Sole
396 2303 499 2368 nitere
513 2303 637 2388 polum,
653 2303 767 2367 fronde
782 2303 885 2366 virere
898 2324 1030 2381 nemus3

262 2405 308 2469 Et
322 2405 428 2483 toties,
443 2415 556 2468 ventos
571 2426 667 2489 qvom
681 2404 793 2469 fundit
805 2405 921 2468 bruma
935 2417 1093 2483 sonantes,

306 2507 403 2574 Omni
418 2509 497 2572 flore
512 2530 621 2572 carens
636 2517 670 2570 et
684 2507 751 2570 sine
767 2507 889 2571 honore
903 2507 964 2586 fui,

261 2611 316 2676 Ex
331 2634 394 2696 qvo
408 2610 512 2695 prima
525 2632 597 2672 mea
610 2607 689 2673 lusit
702 2609 763 2672 sub
778 2609 893 2673 fronde
907 2611 1067 2689 iuventus,

305 2713 436 2778 Struxit
450 2724 484 2777 et
497 2713 651 2776 innocuos
666 2711 768 2776 multa
781 2711 891 2796 puella
905 2712 1034 2790 choros3

262 2815 446 2900 Umbroque
461 2815 649 2878 coniunctos
663 2837 706 2877 cx
722 2836 784 2899 qvo
799 2836 872 2877 mea
887 2815 972 2878 texit
986 2826 1139 2894 amantes,

303 2918 424 2983 Mutua
439 2919 492 3004 qvi
506 2918 571 2981 fido
585 2929 661 2980 vota
676 2917 794 2981 dedere
809 2918 894 2995 sinu,

261 3022 307 3086 Et
320 3021 454 3085 memori
467 3019 629 3084 interdum
645 3030 760 3084 trunco
775 3020 928 3083 servanda
943 3021 1099 3084 notabant

304 3124 456 3202 Nomine,
473 3145 551 3208 qvae
566 3122 664 3206 longo
680 3123 743 3186 iarn
757 3123 882 3208 periere
897 3122 960 3187 die.

262 3228 292 3292 Ο
308 3250 367 3313 ego
381 3225 498 3291 blando
511 3248 625 3311 precor
640 3247 698 3310 per
712 3237 744 3290 te
760 3225 897 3310 suspiria
911 3236 945 3288 et
960 3247 1079 3303 omnes,

304 3328 439 3395 Conscia
454 3328 545 3413 queis
559 3327 693 3390 fuerunt
707 3327 785 3391 haec
800 3326 1003 3404 locosancto,
1018 3349 1122 3405 sonos,

260 3431 348 3498 Vota
361 3453 420 3516 per
433 3429 485 3493 hic
499 3429 592 3493 lactis
608 3429 704 3492 toties
718 3429 830 3493 audita
843 3428 971 3512 puellis,

303 3534 455 3618 Qveeqve
470 3531 646 3595 susurravit
660 3531 758 3594 verba
772 3531 878 3595 fidelis
892 3553 991 3609 amor,

260 3635 316 3700 Me
329 3658 445 3723 precor
459 3644 496 3698 ut
511 3646 651 3699 sanctam
667 3656 816 3697 venerere
833 3634 1003 3718 Cupidinis
1017 3655 1103 3697 aram
1116 3659 1123 3710 3

302 3739 445 3804 Laedere
460 3737 612 3822 fagineos,
628 3736 758 3815 rustice,
775 3759 870 3821 parce
883 3758 999 3802 comas.

1067 3837 1103 3894 E.
1117 3835 1154 3893 G.
1167 3834 1207 3892 Η.
