3250 4692
536 434 719 485 SABRINAE
737 432 913 483 COROLLA.
1182 434 1232 482 215

291 870 443 946 Labitur
459 885 494 946 et
511 874 647 947 labetur
664 874 700 947 in
718 899 816 947 omne
831 873 993 948 volubilis
1010 869 1153 946 Aeuom.

354 1057 484 1135 Rivule,
501 1057 542 1120 ad
556 1066 692 1142 pontum
707 1057 772 1120 flue
786 1055 984 1140 frigidaeqve

354 1159 460 1224 Dulce
474 1159 611 1244 vectigal
626 1160 700 1223 dare
715 1181 812 1244 perge
827 1158 996 1243 lymphae3

354 1262 431 1326 Non
446 1285 534 1326 meos
546 1261 614 1325 ullo
629 1271 686 1326 tua
699 1261 771 1346 ripa
784 1283 910 1344 gressus

743 1363 886 1427 Senserit
900 1385 988 1427 aevo.

353 1569 487 1634 Leniter
498 1569 597 1634 saltus
612 1569 770 1655 siluesqve
784 1579 912 1654 praeter

352 1673 493 1738 Rivulus
507 1696 603 1752 nunc,
619 1673 789 1759 postmodo
804 1672 902 1750 rivus,
919 1694 1015 1748 erres,

353 1776 424 1841 Nec
439 1799 527 1842 meos
541 1799 678 1864 usquam
692 1775 800 1840 videns
815 1796 922 1861 neque
937 1773 1004 1838 ullo

739 1877 899 1963 Tempore
915 1877 1034 1941 vultus.

352 2065 418 2130 Hic
432 2076 507 2130 tune
522 2075 630 2131 custos
643 2075 751 2150 gemet
764 2065 857 2130 ninus
871 2088 955 2141 orae,

352 2167 498 2255 Populus
511 2169 602 2233 molli
616 2179 733 2232 tremet
747 2168 812 2233 icta
826 2179 942 2245 vent03

354 2271 420 2336 Hic
434 2271 504 2356 apis
518 2271 609 2337 nullo
625 2272 685 2335 tibi
700 2293 899 2336 murmurare

739 2373 877 2438 Desinet
890 2397 984 2439 anno.

354 2561 481 2626 Solium
495 2560 609 2626 reddes
622 2561 726 2640 iubar,
742 2561 840 2639 unda,
855 2572 995 2642 eentum,

353 2665 436 2729 Mile
450 2663 599 2727 lunarum
615 2663 767 2728 tremulos
781 2663 912 2743 nitores,

352 2766 411 2831 Me
426 2777 534 2830 tamen
547 2765 639 2831 nullo
653 2787 754 2851 prope
769 2776 802 2830 te
818 2776 997 2832 morantem

741 2869 873 2935 Videris
886 2891 976 2936 aevo.
1130 2957 1160 3015 K

452 3595 685 3696 Epitaphium
703 3596 810 3672 cuiun
827 3596 997 3673 irionem.

288 3781 385 3852 Qvod
397 3780 478 3864 legis
490 3780 544 3845 hie
559 3781 598 3845 de
612 3803 675 3860 me,
692 3781 732 3846 de
747 3781 858 3846 multis
872 3806 967 3869 saepe
981 3806 1042 3868 ego
1055 3783 1139 3868 legi3

352 3882 481 3969 Qviqve
495 3883 585 3970 legis,
602 3884 642 3950 de
658 3895 690 3949 te
705 3907 800 3971 saepe
815 3885 943 3971 legetur
956 3887 1053 3953 idem.

1130 3988 1168 4046 Κ.
