3250 4692
580 436 765 486 SABRINAE
783 435 958 486 COROLLA.
1226 437 1273 489 807

578 716 717 813 Γαστέςν
737 716 966 801 Δουλεάοντες.

309 890 392 962 Δαὶς
405 890 547 974 μέλεται
561 891 718 977 Πυλάδῃ,
735 893 872 976 συνάγει
889 892 918 959 θ’
934 893 973 965 ἃς
990 894 1110 983 ἰχθύας
1125 894 1229 978 ἅλμη,

354 995 491 1083 οὐρανὸς
507 995 639 1082 ὄρνιθας
655 996 735 1079 ηαῖά
750 1022 787 1061 τε
805 996 909 1079 θῆρας
926 997 1009 1085 ἔχει.

313 1098 380 1163 εἴσι
395 1096 423 1163 δ’
440 1099 508 1164 ἐκεῖ
522 1100 667 1167 πέλανοί
677 1126 713 1165 τε
729 1099 785 1165 καὶ
801 1099 940 1189 ἰσχάδες
954 1100 1012 1182 ἠδὲ
1027 1104 1244 1181 πλακοῦντες,

357 1202 439 1268 κούκ
453 1201 568 1288 ὀλάγον
580 1204 685 1287 μάζης
699 1203 756 1268 καὶ
769 1208 934 1291 νηλυντεροῦ
948 1204 1096 1288 μέλιτος.

313 1304 397 1391 πρὸς
412 1305 517 1371 τοῖσδ’
533 1306 626 1373 ἔστιν
643 1307 712 1372 ε’κεῖ
725 1310 847 1394 πολλῷ
860 1309 1105 1390 μαλακώτατος
1120 1304 1216 1390 οἶνος,

357 1406 458 1496 ὅνπερ
475 1408 548 1498 ἔχει
560 1410 698 1490 Λέσβος
713 1410 770 1476 καὶ
786 1410 901 1480 Θάσος
915 1410 973 1493 ἠδὲ
986 1412 1083 1484 Χίος.
1168 1446 1170 1451 ’

313 1508 336 1592 ἦ
349 1511 394 1598 ῥα
408 1516 529 1599 φιλους
545 1514 659 1579 ἐκάλει
675 1514 803 1585 πάντας
817 1514 901 1603 πρὸς
915 1514 1013 1582 δαῖτα
1028 1514 1211 1597 τοσαύτην;

357 1617 397 1681 οὐ
409 1618 459 1700 μὰ
476 1617 579 1689 θεούς·
602 1617 725 1705 ἔφαγεν
739 1618 852 1684 πάντα
865 1618 962 1701 μόνος
978 1618 1152 1701 Πυλάδης.

695 1784 826 1794 -η

359 1879 466 1948 Qvom
480 1892 584 1945 morte
599 1894 712 1967 eaptus
727 1883 845 1947 occidit
860 1883 1066 1962 TerentinuS,

359 1984 482 2049 Dolore
496 1996 585 2050 mota
597 1985 689 2070 luget
703 1987 780 2051 urbs
795 2010 925 2071 gravem
940 2009 1058 2065 casum,

359 2085 588 2174 Lacrumisqve
602 2088 691 2153 vicus
706 2090 809 2154 omnis
825 2089 961 2153 obrutus
974 2088 1090 2175 plorat.

358 2188 447 2275 Ergo
460 2190 591 2255 iuvabat
605 2203 680 2255 ante
695 2202 819 2257 eeteros
834 2192 970 2256 urbem?

360 2292 437 2357 Non
449 2293 531 2358 alter
544 2294 619 2358 urbi
633 2294 679 2358 sic
693 2295 820 2359 inutilis
835 2294 929 2359 vixit.

361 2394 428 2459 Cur
441 2418 517 2478 ergo
531 2408 667 2459 mortem
681 2396 727 2459 sic
742 2396 855 2460 dolent
870 2396 1051 2474 Terentini,

361 2496 492 2560 Inutilis
507 2498 560 2581 qvi
575 2498 669 2576 vixit,
684 2509 722 2561 ut
735 2498 847 2576 refers,
864 2498 963 2561 urbi?

361 2597 392 2661 0
406 2598 525 2664 stulte:
550 2622 653 2685 caupo
667 2611 807 2664 maestus
822 2611 856 2663 et
871 2622 991 2684 coqvus
1006 2600 1107 2684 luget,

361 2700 583 2788 Pisoariusqve
597 2714 631 2767 et
644 2704 774 2767 institor
788 2704 992 2789 popinarum,

360 2804 576 2890 Vinariusqve
592 2816 626 2869 et
641 2829 720 2891 qvae
734 2829 832 2870 nuces
848 2828 928 2870 anus
942 2804 1096 2883 vendunt,

364 2908 476 2987 Poma,
493 2930 563 2986 ova,
580 2920 696 2987 crusta,
713 2919 835 2973 ceteras
851 2907 965 2993 dapesz
990 2906 1093 2970 omnis

362 3010 455 3075 Haeo
470 3010 566 3075 turba
579 3009 688 3089 funus,
704 3010 783 3075 haec
798 3010 887 3074 dolet
903 3009 1080 3074 TerentIni.

1138 3111 1167 3171 J.
1182 3111 1219 3170 H.

649 3234 884 3244 —.-——-—

546 3396 600 3490 Τῇ
618 3390 734 3488 Παφίη
751 3387 790 3463 τά
805 3391 1002 3485 κάτοπτρον.

319 3552 374 3616 Ι)ο
389 3551 511 3617 Veneri
524 3552 713 3637 speculum:
737 3572 900 3636 nunqvam
915 3572 981 3613 non
995 3548 1052 3613 illa
1064 3546 1226 3631 refulget:

364 3655 430 3719 Sed
443 3655 533 3720 fovet
546 3654 607 3719 hoe
623 3676 713 3719 curas
728 3653 994 3739 conduplicatqve
1008 3673 1094 3715 meas
1108 3675 1116 3715 ε

321 3755 453 3820 Scilicet
464 3757 499 3820 in
513 3758 595 3821 vitro
610 3767 730 3821 memet
744 3756 923 3820 discernere
938 3754 1004 3817 fido

365 3858 398 3922 N
400 3882 441 3923 on
457 3882 537 3944 qveo
552 3860 651 3945 qvalis
664 3882 760 3938 eram,
777 3881 843 3922 nou
858 3857 931 3922 volo
948 3854 1047 3941 qvalis
1062 3876 1127 3919 ero.

942 3984 974 4040 P.
991 3982 1038 4061 (ex
1052 3982 1137 4039 Aotlt.
1157 3977 1223 4056 Gr.)
