3250 4692
576 453 759 505 SABRINAE
778 449 952 501 couoLLA.
1220 451 1263 500 101

674 737 852 813 Merioce.

307 922 395 990 Qvin
408 921 471 987 huc
487 921 678 1007 digrediens,
694 920 855 999 Merione,
870 919 946 984 visis
960 919 1057 984 ovilis

306 1025 352 1088 Et
364 1047 490 1089 mecum
505 1035 630 1088 teneras
644 1023 766 1088 claudis
780 1045 855 1086 oves
869 1021 1010 1086 cratibus
1024 1021 1058 1085 in
1071 1022 1161 1086 suist

308 1126 521 1212 Splendentes
534 1125 656 1210 liquido
671 1124 719 1189 sol
733 1124 839 1189 radios
853 1122 963 1187 fundit
976 1124 1017 1188 ab
1032 1124 1171 1203 aethere,

309 1229 374 1294 Sed
389 1241 427 1294 tu
441 1229 508 1294 sole
522 1228 620 1293 mices
633 1227 842 1313 splendidior,
858 1226 1037 1291 suariolum
1049 1249 1167 1293 meum.

308 1434 436 1498 Primus
450 1432 584 1518 virginei
599 1432 748 1497 Merione
763 1433 869 1517 fulget
881 1431 986 1497 honor
999 1431 1099 1510 chori,

309 1536 411 1601 Claris
425 1535 585 1600 eiaculuns
598 1535 775 1600 luminibus
788 1533 932 1599 laetitiae
947 1534 1052 1599 faces:

309 1639 364 1704 Au
379 1660 473 1724 qvem
487 1638 580 1701 dulce
595 1637 680 1702 foret
695 1636 868 1702 Merionen
883 1637 1000 1701 ducere
1015 1635 1194 1719 coniugem,

309 1740 346 1804 si
359 1739 458 1804 vellet
471 1739 550 1803 mihi
564 1762 599 1804 se
614 1739 764 1823 coniugio
779 1749 889 1803 noster
902 1761 993 1803 amor
1006 1738 1084 1802 duri.

310 1947 439 2010 Tondet
452 1967 546 2010 vacca
558 1944 637 2009 mihi
653 1967 727 2009 cum
742 1945 846 2010 vitulo
859 1944 1006 2030 gramina
1017 1943 1158 2028 pingvia,

308 2047 535 2133 Fecundesqve
550 2069 675 2124 novem,
692 2047 852 2126 Metione,
867 2045 971 2132 puscit
985 2067 1060 2109 oves
1073 2067 1166 2130 ager:

309 2149 454 2216 Qvorum
468 2149 515 2212 nil
529 2149 589 2213 tibi
604 2172 669 2213 non
684 2150 841 2229 detulero,
857 2148 918 2214 lux
933 2170 1014 2226 mee,
1031 2147 1156 2211 muneri

309 2252 383 2320 Qvo
397 2273 523 2316 mecum
537 2252 645 2317 venies
659 2253 694 2316 iu
709 2253 848 2317 casulem
863 2263 966 2339 nupta
979 2273 1083 2315 meam
1098 2249 1161 2314 die.

1173 2353 1210 2409 K.

707 2465 832 2476 ——

627 2611 749 2686 Arbor
767 2610 907 2686 Indica.

309 2779 437 2856 Fertur,
453 2777 512 2841 ubi
526 2775 620 2841 silves
635 2775 734 2841 fluvio
748 2775 833 2862 rigat
848 2776 950 2840 Indus
964 2777 1088 2853 odoras,

352 2879 462 2944 Arbor
475 2877 650 2942 inadsuetis
665 2899 804 2943 crescere
819 2877 901 2942 mira
915 2876 1038 2942 modis:

308 2981 457 3066 Namqve
471 3002 530 3044 nec
544 2979 585 3043 ad
598 2977 739 3043 nitidum
753 2980 919 3064 protendit
931 2979 1061 3044 brachia
1075 2978 1210 3058 coelum,

352 3081 424 3147 Nec
437 3079 564 3166 patulus
578 3079 681 3165 aperit
696 3079 763 3144 sole
777 3080 912 3146 iubente
927 3103 1052 3160 comas;

308 3184 374 3249 Sed
387 3182 489 3267 magis
502 3181 543 3245 ad
558 3203 662 3246 cerem
676 3203 780 3246 ramos
794 3181 865 3246 vult
879 3183 1009 3247 flectere
1023 3192 1151 3260 terrem,
1165 3239 1171 3250 .

350 3285 467 3351 Matris
481 3294 516 3348 et
528 3284 563 3348 in
577 3295 689 3348 tenero
704 3294 776 3348 tuta
790 3285 894 3349 iacere
909 3285 993 3352 sinu.

308 3388 444 3454 Frondis
457 3386 543 3451 enim
555 3385 622 3450 fuit
635 3385 713 3450 hoec
728 3386 842 3450 nutrix
857 3397 1025 3471 custosqve
1040 3385 1176 3451 tenellae
1187 3414 1195 3463 3

351 3489 438 3554 Hinc
453 3489 560 3568 decus,
576 3488 651 3553 hinc
664 3489 748 3554 vires
761 3489 823 3553 scit
836 3511 959 3553 mernor
972 3511 1040 3553 esse
1054 3511 1137 3554 suas.

308 3592 362 3656 Sic
376 3614 427 3656 me
442 3589 606 3656 blanditiis
621 3591 775 3655 comitum
790 3591 818 3655 si
831 3591 929 3656 turba
942 3591 1061 3656 dolosis

353 3692 524 3777 Fumaqve‚
541 3715 598 3756 seu
612 3691 716 3756 fernae
729 3714 848 3757 nomen
862 3694 968 3772 inane,
983 3693 1108 3772 trahat,

310 3795 444 3858 Pectore
458 3793 526 3858 fixa
538 3793 594 3878 pio
609 3795 730 3879 species
744 3795 909 3879 genitricis
922 3795 1079 3873 inhaeret,

352 3895 471 3980 Meqve
485 3905 576 3960 tenet
588 3895 720 3960 monitis
734 3896 840 3961 incola
853 3898 971 3961 mentis
985 3919 1083 3961 amor.

1067 3999 1101 4055 E.
1117 4000 1155 4055 H.
1173 3999 1208 4056 G.

760 4113 782 4155 Y
