3250 4692
569 437 752 487 SABRINAE
772 436 949 485 COROLLA.
1211 436 1257 483 265

576 1042 637 1115 Sic
655 1043 727 1114 itur
745 1042 794 1113 ad
809 1038 932 1113 Astra.

297 1242 420 1328 Incipe,
436 1242 538 1320 miles,
553 1242 634 1306 iter:
658 1242 769 1305 sedne
784 1240 946 1305 terrestria
961 1260 1091 1324 quaeras

340 1344 489 1422 Munera,
505 1354 579 1430 post
592 1365 712 1429 paucos
726 1344 896 1407 interitura
911 1342 997 1406 dies:

297 1446 374 1510 Neu
388 1448 498 1533 cupias
512 1470 593 1511 vano
607 1469 724 1511 nomen
739 1446 944 1510 memorabile
958 1446 1054 1523 fastu,

341 1550 433 1613 Neve
447 1550 621 1637 voluptatis
635 1549 744 1613 mollia
758 1560 860 1613 castra
874 1558 981 1633 petas:

297 1646 389 1712 Neve
401 1659 498 1732 putes
509 1649 550 1711 iri
564 1648 651 1713 facili
665 1670 761 1734 super
775 1647 904 1711 aethera
916 1668 1021 1723 eursu,

339 1749 415 1814 Neu
431 1761 573 1814 teneram
586 1750 687 1836 spinis
699 1772 792 1836 posse
807 1770 913 1813 carere
927 1771 1049 1813 rosam:

297 1854 371 1918 Neu
389 1864 496 1941 captes
510 1854 604 1918 oculo
618 1863 740 1917 tractus
754 1850 937 1916 iuveniliter
952 1850 1024 1915 illos

340 1956 442 2020 Ridet
456 1956 512 2020 ubi
527 1956 654 2020 aestivis
664 1953 791 2019 'solibus
805 1954 908 2018 almus
922 1976 1015 2038 ager:

297 2058 344 2122 Te
357 2069 466 2122 manet
480 2068 636 2121 armatum
650 2058 741 2121 labor
754 2056 866 2134 acrior,
883 2056 984 2121 acrior
997 2056 1117 2135 hostis3

337 2160 399 2225 Est
412 2160 495 2225 acies
510 2160 582 2224 telis
595 2182 708 2245 magna
723 2160 881 2224 domanda
897 2161 970 2224 tuis.

296 2264 436 2327 Aestuat
450 2286 469 2326 a
483 2274 573 2347 tergo
586 2264 714 2327 flamma
727 2262 872 2326 fervente
885 2262 1070 2327 barathrum
1081 2290 1089 2340 ;

340 2366 499 2430 Protenus
513 2366 526 2429 i
539 2375 628 2430 recto
642 2366 739 2430 calle:
764 2365 868 2429 redire
882 2365 1028 2430 nefas.-

298 2467 402 2553 Carpe
417 2477 517 2545 tuam,
533 2466 635 2544 miles,
651 2468 816 2551 requiem;
841 2467 896 2531 sed
911 2489 975 2531 non
990 2468 1050 2532 tibi
1065 2468 1165 2532 luxus

339 2568 495 2654 Explicat
509 2570 623 2654 ignavo
638 2570 779 2653 stragula
792 2580 884 2653 grata
897 2580 986 2634 toro:

296 2673 362 2736 Sed
377 2672 437 2736 tibi
451 2671 589 2737 sufficiet
604 2672 771 2757 scopulosa
786 2672 906 2737 cubilia
919 2695 1024 2760 rupes,

339 2774 444 2842 Qvam
458 2774 546 2838 ferus
560 2774 662 2839 inlisis
675 2775 800 2839 obsidet
815 2774 924 2838 Eurus
938 2776 1036 2861 aqvis.

296 2878 343 2941 Te
359 2878 451 2941 decet
464 2878 632 2941 adtentum
647 2877 757 2961 longas
771 2878 946 2961 producere
962 2888 1081 2955 noctes,

338 2981 385 3044 Et
398 3002 510 3044 somno
526 2980 673 3045 excubiis
688 2980 847 3066 asperiore
862 2979 937 3042 frui.

295 3083 387 3150 Qvae
401 3093 438 3146 tu
454 3081 576 3146 difficili
590 3105 695 3147 servas
708 3084 865 3146 tutamine
881 3094 982 3147 castra

339 3184 499 3270 Tempore
513 3207 577 3249 non
592 3185 660 3249 ullo
676 3186 852 3250 deseruisse
866 3184 952 3250 licet.

200 3312 208 3324 ’
296 3288 433 3353 Somnos
447 3310 551 3374 carpe,
565 3288 655 3353 velut
667 3311 809 3376 pugnam
824 3289 1026 3367 introiturus,
1042 3288 1075 3353 in
1090 3291 1195 3369 annis,

338 3388 481 3475 Inpiger‚
498 3400 531 3453 et
544 3390 649 3477 clipeo
662 3390 786 3454 cinctus
801 3402 835 3455 et
849 3413 923 3455 ense
937 3390 1031 3457 latus.

296 3490 360 3569 Illi,
377 3492 465 3577 qveis
479 3512 631 3557 numerus
644 3515 711 3556 non
725 3503 783 3572 est,
800 3493 889 3579 qveis
903 3494 1033 3558 nomina
1047 3494 1173 3575 desunt,

337 3593 499 3659 Invadunt
512 3596 611 3660 tacito
625 3596 748 3660 somnia
761 3595 863 3660 fracta
874 3596 986 3681 gradu.
994 3634 1039 3645 —-

296 3696 399 3781 Surge
414 3698 504 3776 adeo,
520 3698 621 3778 miles,
638 3699 784 3763 confecto
799 3721 932 3764 munere
946 3700 1044 3765 belli:

338 3798 392 3862 En
405 3800 505 3884 agitat
519 3802 662 3885 rapidam
676 3801 772 3866 turba
785 3800 924 3865 nefanda
937 3802 1058 3888 fugam.

296 3901 377 3965 Dux
392 3910 468 3966 tuus
482 3902 622 3968 infernas
635 3902 764 3967 fraudes
779 3903 913 3968 devicit:
938 3903 1030 3968 Iesus

338 4004 448 4069 Morte
462 4026 520 4070 sua
533 4006 618 4070 victo
633 4006 734 4069 vietor
748 4006 789 4069 ab
803 4004 896 4070 hoste
910 4006 1005 4071 redit.

720 4128 786 4171 ΜΜ
