3250 4692
554 455 739 506 SABRINAE
756 455 933 507 conotus.
1202 456 1247 503 801

519 619 728 752 Aleccader
745 676 795 749 cd
811 672 968 751 Milites.

244 824 352 890 Sicine
366 848 423 891 vos
437 827 577 905 tandem,
594 827 737 904 comites,
755 825 870 912 qvibus
885 826 992 889 omnia
1006 847 1110 911 nuper

245 926 342 991 Solus
357 928 555 1006 Alexander,
571 939 645 1013 post
659 937 709 992 tot
721 928 806 991 bene
820 936 910 1011 gesta
923 949 983 1011 per
997 927 1108 991 orbem

246 1029 382 1109 Praelia,
397 1041 471 1116 post
485 1030 608 1095 cladem
622 1052 794 1114 regnorum
808 1040 903 1114 atqve
916 1028 1038 1113 oppida
1050 1027 1136 1092 ferro

246 1132 364 1211 Strata,
381 1132 556 1218 Asiamqve
570 1154 642 1195 meo
657 1141 784 1195 tantum
798 1152 864 1195 non
878 1130 987 1195 Marte
1001 1131 1177 1207 subactam,

246 1234 404 1298 Deseritis
417 1257 526 1319 regem
542 1245 698 1298 terrarum
712 1233 816 1297 limite
830 1233 865 1296 in
879 1234 974 1319 ipsol

247 1336 320 1401 Hos
333 1337 414 1401 mihi
429 1360 486 1402 vos
499 1336 634 1416 fructus,
650 1337 729 1401 haec
743 1336 886 1421 praemia
896 1336 1031 1400 redditis
1046 1335 1130 1399 eheu

249 1440 356 1508 Qvam
369 1439 453 1505 male
467 1450 534 1505 tam
547 1440 646 1524 longo
660 1461 746 1504 nnnc
760 1462 951 1524 responsura
964 1439 1067 1503 labori
1080 1441 1094 1503 1

249 1542 338 1610 Qvid
351 1542 486 1621 variant,
504 1542 580 1628 qvid
595 1542 691 1606 corda
704 1542 838 1607 labant?
859 1546 917 1607 aut
931 1542 1023 1606 cuius
1038 1553 1168 1626 egentes

250 1644 305 1709 Sic
318 1643 456 1708 fremitis
470 1644 640 1723 malesana,
654 1644 714 1709 viri
726 1646 740 1709 1
782 1644 930 1710 Victoria
943 1665 1106 1728 nunqvam

250 1746 367 1812 Haesit
380 1747 497 1827 adhuc,
512 1770 571 1812 nec
585 1757 695 1811 nostra
707 1747 797 1811 videt
811 1747 943 1811 fortuna
955 1768 1143 1831 regressum.

251 1848 342 1916 Quae
355 1851 470 1915 morat
491 1870 549 1913 cur
562 1850 654 1914 vobis
667 1860 755 1914 retro
769 1871 856 1914 nunc
871 1870 961 1913 versa
976 1848 1147 1912 voluntas?

250 1952 369 2017 Omnia
382 1974 468 2017 nunc
483 1952 615 2019 effecta:
639 1962 820 2017 extremam
834 1953 1000 2038 imponere
1014 1951 1102 2016 bello

249 2054 413 2120 Festinata
427 2076 569 2121 manum.
615 2055 692 2119 Non
707 2054 846 2140 amplius
860 2054 917 2119 illa
930 2054 1094 2119 minantur

251 2158 341 2226 Qvae
355 2180 414 2245 per
427 2169 479 2223 tot
492 2158 589 2222 duros
602 2158 738 2223 nimium
753 2158 959 2222 toleravimus
974 2179 1074 2220 annos

250 2260 416 2325 Indefessa
429 2261 552 2327 cohors.
599 2261 633 2325 N
635 2283 676 2325 on
690 2262 754 2325 iam
768 2260 898 2325 furialia
912 2258 1029 2324 Martis

250 2362 411 2442 Fulmina,
427 2386 493 2427 non
507 2363 615 2427 flictus
628 2361 792 2447 galearum
805 2362 1013 2447 iterandaqve
1028 2359 1119 2425 fessis

253 2464 368 2549 Pugna
380 2476 483 2529 vocat.
529 2464 667 2529 Posthac
681 2465 790 2529 veniet
804 2465 873 2529 sine
888 2464 1037 2549 sangvine
1052 2462 1143 2526 vobis

253 2567 377 2633 Gloria.
424 2567 520 2635 Qvod
534 2580 690 2652 superest,
706 2568 850 2642 comites,
866 2566 967 2630 nolite
981 2565 1103 2629 vereri:

254 2671 369 2735 Cetera
382 2670 446 2734 iam
461 2680 566 2734 vestra
580 2680 707 2734 estnon
722 2670 790 2735 ullo
803 2669 931 2734 vindice
945 2669 1051 2734 tellus.

255 2773 412 2840 Vestrum
427 2772 547 2857 qvippe
560 2772 657 2837 decus
671 2771 781 2857 longas
796 2771 929 2837 etfama
941 2794 1000 2857 per
1014 2792 1084 2834 oras

254 2875 379 2952 Didita‚
394 2874 564 2939 Persarum
580 2874 741 2939 Granicus
755 2874 852 2939 caede
867 2874 1037 2951 calescens,

255 2978 497 3063 Turbatumqve
513 2977 617 3041 fluens
631 2976 774 3041 confusis
788 2977 949 3062 stragibus
964 2976 1060 3053 Issus,

254 3082 301 3147 Et
315 3103 396 3166 qvae
410 3080 513 3145 cernit
526 3080 632 3145 adhuc
645 3080 728 3145 latos
743 3080 866 3144 Arbela
879 3102 938 3165 per
952 3101 1044 3164 agros

256 3183 338 3248 Ossa
352 3182 461 3247 albere
475 3182 591 3261 virum,
607 3181 766 3267 foedoque
781 3182 935 3246 cadavera
947 3182 1029 3259 visu,

257 3286 453 3371 Praecepere
466 3284 576 3371 plagas
591 3284 734 3349 Orientis
748 3297 782 3350 et
796 3285 924 3350 ultuma
938 3283 1050 3349 mundi

256 3389 370 3454 Litora
382 3412 391 3454 r
415 3410 471 3452 vos
485 3388 599 3453 animis
612 3388 675 3472 ipsi
689 3388 885 3473 praesumite
898 3410 1007 3472 regna.

258 3491 386 3555 Ductor
399 3490 598 3569 Alexander,
615 3513 695 3575 qvae
710 3502 789 3555 tunc
803 3490 959 3575 promissa
973 3489 1116 3568 dedistis,

257 3594 327 3660 Vos
341 3616 478 3657 canuno
492 3616 600 3679 posco.
646 3592 706 3657 Nil
719 3617 772 3658 me
785 3594 851 3658 iam
866 3606 966 3659 terret
978 3594 1141 3680 haruspex

259 3695 297 3759 Si
311 3718 373 3780 qva
387 3695 473 3759 canit
487 3707 744 3786 nova-monstra3
768 3696 849 3761 mibi
864 3697 944 3761 deus
958 3710 1070 3762 auctor
1084 3709 1118 3761 et
1132 3719 1246 3760 omen:

259 3797 333 3864 Qvo
348 3795 427 3861 deus
441 3796 497 3860 ille
510 3808 613 3875 vocat,
630 3820 693 3882 qvo
707 3820 766 3861 nos
779 3798 922 3876 fortuna,
938 3820 1116 3883 sequamur.

257 3898 356 3965 Nunc
369 3899 433 3962 iter
447 3898 593 3962 Aurorae
607 3899 648 3963 ad
661 3899 799 3985 populos
811 3909 846 3963 et
859 3899 985 3983 fulgida
998 3900 1133 3983 gemmis

258 4003 358 4082 Arva,
374 4000 432 4065 ubi
445 4013 605 4087 perpetuo
620 4000 730 4086 fruges
745 4011 866 4066 aestate
881 4001 1039 4066 renident.

258 4104 331 4171 Illic
346 4116 435 4170 certa
450 4104 563 4169 domus
577 4104 714 4191 ditisque
730 4103 896 4191 opulentia
912 4114 1024 4180 terrae,
