3250 4692
569 429 752 478 SABRINAE
770 428 947 478 COROLLA.

694 736 823 833 Eques.

343 928 451 1013 Eqves
465 940 634 993 cruentum
650 930 767 993 Martis
781 930 970 1014 adgrediens
986 954 1078 1017 opus,

335 1031 417 1097 'Qvo
433 1031 543 1096 Patria
557 1056 619 1118 qvo
635 1032 721 1097 Laus
737 1056 861 1119 qvoqve
877 1033 1025 1098 Libertas
1036 1046 1139 1114 vocat,

345 1134 430 1197 Suae
446 1147 588 1198 moratur
603 1146 676 1198 ante
691 1136 823 1219 virginis
838 1137 980 1214 domum,

343 1236 377 1299 N
379 1260 414 1301 ec
428 1238 499 1301 vult
514 1238 601 1302 abire
616 1261 681 1301 non
696 1240 785 1324 prius
800 1238 887 1302 dieto
901 1239 994 1304 Vale.

431 1402 524 1467 Flere
541 1405 616 1490 qvin
630 1404 733 1489 parcis
747 1427 851 1491 neqve
863 1406 898 1469 in
914 1428 1007 1469 omne
1023 1417 1160 1491 tempus,

431 1506 521 1583 Cara,
536 1506 707 1590 desperas?
750 1507 823 1591 Ego
836 1531 921 1571 nunc
937 1520 971 1572 et
984 1509 1086 1592 ipsam

431 1608 530 1673 Dicar
544 1609 584 1672 ad
599 1621 733 1673 mortem
748 1611 871 1694 patriae
887 1633 1020 1696 meoqve

733 1714 834 1777 Fidus
848 1715 958 1778 amori.

344 1953 391 2017 Et
405 1977 500 2038 qvom
515 1977 701 2040 supremum
716 1955 779 2019 iam
794 1967 989 2019 susurrasset
1003 1954 1097 2033 Vale,

346 2055 457 2134 Oloris,
472 2067 608 2135 utente,
626 2057 772 2141 iungitur
786 2058 958 2136 sodalibus,

344 2157 390 2221 Et
406 2158 497 2223 miles
511 2160 595 2225 inter
609 2160 726 2224 milites
738 2162 822 2245 regis
837 2162 887 2225 sui

347 2260 518 2327 Interritus
531 2276 714 2349 prospectat
727 2265 871 2329 hostium
886 2265 996 2330 minas.

432 2431 491 2495 Nil
510 2456 569 2515 ego
584 2433 733 2496 instantis
748 2444 896 2498 metuens
910 2434 1033 2519 pericli,

433 2534 524 2598 Haec
541 2535 619 2598 mihi
634 2536 661 2598 si
676 2535 718 2598 sit
732 2537 829 2600 statio
844 2538 1039 2621 sepulcrum,

436 2636 604 2701 Procidam
619 2636 733 2715 laetus,
750 2639 871 2722 patriae
885 2639 1010 2723 meiqve

736 2741 842 2804 Tutor
856 2742 982 2805 amoris.

348 2990 546 3075 Turmasqve
562 2989 649 3054 dirus
663 2990 748 3053 inter
761 2989 895 3054 hostiles
909 2990 1001 3069 furit,

347 3093 415 3157 Dat
428 3092 504 3157 mile
516 3091 636 3177 plagas,
653 3092 729 3155 mile
744 3094 919 3178 prosternit
933 3094 1036 3171 viros3

349 3195 499 3260 Debetur
512 3195 561 3259 illi
576 3197 717 3281 partium
733 3198 885 3262 victoria:

351 3297 416 3362 Sed
430 3298 499 3383 ipse
513 3299 607 3363 victis
622 3299 751 3363 additus
766 3298 869 3363 victor
883 3300 975 3364 iacet.

435 3470 581 3534 Profluat
594 3470 737 3555 sangvis:
754 3494 858 3556 neqve
873 3494 925 3535 me
939 3472 1058 3537 fefellit

436 3573 533 3637 Ultor
546 3573 599 3637 hic
614 3574 715 3651 ensis3
740 3596 844 3658 neqve
858 3597 923 3639 non
937 3576 1068 3639 fidelem

436 3675 527 3739 Mors
541 3687 737 3740 sacramento
752 3678 936 3763 patriaeqve
952 3689 986 3741 et
1000 3679 1057 3742 uni

739 3780 833 3845 Vidit
847 3782 959 3846 amori.

1217 430 1263 478 109
