3250 4692
535 395 719 446 SABRINAE
737 394 912 445 COROLLA„

512 807 641 881 Omnia
657 832 789 905 magno
806 808 946 881 cadum.

359 981 449 1047 Inter
463 981 562 1046 soluti
576 981 695 1067 gaudia
707 982 848 1067 pectoris

357 1084 517 1168 Persaepe
531 1086 635 1149 nubes
649 1085 772 1168 ingruit
785 1084 915 1149 horrida
930 1110 938 1162 ;

423 1186 607 1271 Utcumqve
622 1185 754 1250 sublimi
767 1196 910 1271 potestas

491 1289 578 1353 Arce
592 1289 705 1353 sedens
720 1288 903 1352 dominatur
918 1289 1038 1365 orbem,

366 1493 460 1557 Ultor
473 1494 608 1558 securim
622 1502 801 1579 praeparat
847 1492 965 1557 Omnia

362 1593 457 1661 Quae
471 1606 679 1681 procreantur
692 1594 795 1658 limite
808 1593 943 1679 parvulo

428 1696 640 1774 Clauduntur‚
657 1706 752 1782 atqve
767 1696 802 1758 in
816 1695 919 1759 maius
933 1706 1028 1759 encta

490 1798 618 1862 Funere
632 1797 847 1883 deproperant
860 1798 990 1861 caduco.

362 2000 416 2064 En
431 2023 496 2086 qua
508 2024 567 2086 per
581 2024 672 2087 agros
687 2024 795 2086 sparsa
809 2002 948 2086 mapalia

362 2102 497 2166 Dudum
512 2102 665 2181 latebant,
681 2105 759 2167 urbs
772 2126 856 2167 nova
869 2103 994 2189 colligit

430 2204 612 2281 Caementa,
629 2216 663 2269 et
676 2205 792 2289 insigni
808 2206 978 2270 domorum

493 2307 585 2372 Mole
598 2308 693 2371 nimis
706 2307 851 2393 locuples
865 2310 1022 2396 superbit,

365 2512 520 2577 Mansura
532 2512 697 2598 paullum:
723 2535 802 2576 mox
817 2512 903 2577 cadit
918 2514 1034 2579 obruta

366 2613 471 2699 Turpi
486 2614 589 2678 ruina.
636 2613 767 2677 Scilicet
781 2635 879 2678 aureo

433 2715 538 2783 Qvam
552 2714 649 2778 vestit
662 2726 855 2779 auctumnus
870 2715 976 2779 colore

497 2814 672 2879 Interitum
686 2825 798 2878 monet
811 2816 907 2879 arbor
920 2816 1006 2881 anni.

371 3017 510 3086 Qvando
525 3027 559 3082 et
572 3017 714 3082 sodalem
727 3028 859 3103 pectore
873 3018 986 3083 sedulo

369 3121 536 3205 Fixusqve
550 3119 670 3183 amanti
684 3120 806 3183 lumine
822 3120 966 3204 suspicis,

436 3221 506 3286 Iam
519 3243 606 3285 nunc
620 3220 812 3305 sepulcrales
825 3220 908 3285 inire

498 3323 627 3388 Fluxus
641 3323 745 3387 Amor
758 3333 910 3409 properat
925 3323 1082 3389 tenebras.

372 3527 598 3611 Qvaecumqve
613 3528 707 3591 nobis
720 3537 797 3591 sunt
811 3527 885 3591 data
898 3548 1031 3592 munera

376 3629 537 3693 Iniurioso
550 3629 654 3693 limite
668 3628 823 3715 temporis

436 3730 620 3815 Urgentur;
644 3730 803 3795 indefessa
815 3730 912 3815 longo

504 3832 581 3897 Sola
593 3832 674 3896 fides
688 3832 852 3897 stabilitur
866 3855 953 3897 aevo.

1184 395 1231 445 268

1053 3934 1092 3994 H.
1106 3935 1134 3993 J.
1149 3936 1188 3995 Η.
