3250 4692
568 406 751 457 SABRINAE
770 406 947 457 COROLLA.
1216 409 1262 461 12⁷

655 687 859 762 Solitarins.

429 868 594 949 Gratulor,
611 869 665 955 qvi
679 892 751 955 spes
764 869 906 933 modicas
919 869 1006 933 avito

428 970 617 1035 Terminans
631 971 733 1035 fundo
747 970 831 1035 nihil
845 970 1026 1049 adlaborat3

428 1073 490 1139 cui
505 1074 612 1161 placet
626 1074 749 1140 caelum
762 1074 905 1160 patrium
919 1074 1033 1160 suiqve

734 1178 845 1243 Limes
858 1177 954 1262 agelli
965 1203 975 1256 ;

429 1382 518 1445 Arva
532 1381 585 1446 cui
601 1382 722 1447 donant
738 1381 898 1461 Cererem,
913 1404 1090 1468 gregesqve

430 1484 587 1549 Lucteum
602 1485 770 1549 humorem
785 1484 959 1570 niveosqve
973 1486 1120 1563 amictus,

435 1588 497 1652 cui
510 1610 570 1673 per
583 1598 737 1653 aestatem
751 1600 846 1673 parat
860 1587 968 1653 ulmus
983 1589 1124 1666 umbras,

735 1690 902 1775 Lignaqve
916 1691 1060 1756 brumae.

433 1894 521 1959 Huic
536 1894 619 1959 bene
634 1906 694 1975 est,
710 1895 763 1961 cui
777 1919 844 1960 non
857 1895 945 1981 fugit
957 1896 1103 1982 inqvieto

434 1996 525 2061 Hora
540 1996 753 2083 delabensqve
768 1998 837 2062 dies
851 2008 1018 2064 stannus:

432 2101 564 2185 Integer
578 2102 731 2165 membris
744 2102 914 2186 animoqve
929 2125 1024 2166 sanus

737 2203 844 2269 Nocte
858 2203 1005 2268 salubres

433 2406 498 2474 Qvi
513 2408 599 2493 capit
613 2430 751 2485 somnos,
766 2408 942 2494 vigilatqve
955 2408 1079 2474 laetus:

435 2512 539 2579 Qvem
553 2512 667 2575 iuvant
678 2510 765 2590 libri,
780 2512 871 2576 iuvat
885 2512 980 2576 otiari

436 2614 477 2678 In
491 2614 574 2692 loce,
590 2624 623 2677 et
638 2614 723 2677 vitae
738 2613 837 2677 decus
851 2613 1014 2678 innocenti

743 2716 882 2799 Iungere
898 2716 1022 2781 Musas.

438 2922 492 2986 Sic
508 2944 567 3007 ego
581 2922 735 2987 obscurus
749 2921 863 3008 procul
876 2922 957 2986 urbe
971 2922 1095 3001 vivam3

437 3025 491 3089 Sic
506 3025 586 3089 mori
600 3026 718 3111 possim
733 3026 929 3090 lacrumante
943 3024 1054 3102 null0;

435 3128 513 3193 Neu
526 3127 608 3214 lapis
621 3129 713 3193 sedes
727 3128 871 3193 cinerum
885 3150 1049 3214 supremas

739 3231 911 3318 Imprimat
923 3232 1035 3298 index.

1082 3336 1116 3394 T.
1132 3336 1162 3394 S.
1176 3336 1209 3393 Ε.

498 3591 733 3689 Epitaphium
750 3588 1032 3691 Hyperpltronis.

265 3769 331 3834 Hic
346 3769 428 3834 situs
440 3780 499 3851 est,
515 3771 569 3856 qvi
582 3770 630 3835 nil
642 3781 763 3835 temere
776 3792 916 3856 unqvam
931 3770 1019 3848 feeit,
1032 3766 1272 3853 Hyperpbron:

309 3871 456 3952 Advena,
473 3895 569 3958 qvom
584 3884 704 3938 temere
718 3873 797 3937 haec
813 3883 890 3937 sunt
903 3872 965 3937 tibi
979 3872 1072 3951 lecta,
1086 3871 1184 3935 dolet.

1175 3991 1213 4047 K.
