<?xml version="1.0" encoding="UTF-8"?>
<!DOCTYPE html PUBLIC "-//W3C//DTD XHTML 1.0 Transitional//EN"
    "http://www.w3.org/TR/xhtml1/DTD/xhtml1-transitional.dtd">
<html xmlns="http://www.w3.org/1999/xhtml" xml:lang="en" lang="en">
 <head>
  <title>
</title>
<meta http-equiv="Content-Type" content="text/html;charset=utf-8" />
  <meta name='ocr-system' content='tesseract 3.04.00' />
  <meta name='ocr-capabilities' content='ocr_page ocr_carea ocr_par ocr_line ocrx_word'/>
</head>
<body>
  <div class='ocr_page' id='page_1' title='image "./sabrinaecorolla00shrgoog_0293.png"; bbox 0 0 3250 4692; ppageno 0'>
   <div class='ocr_carea' id='block_1_1' title="bbox 555 413 1248 489">
    <p class='ocr_par' dir='ltr' id='par_1_1' title="bbox 555 413 1248 489">
     <span class='ocr_line' id='line_1_1' title="bbox 555 413 1248 489; baseline 0 -25"><span class='ocrx_word' id='word_1_1' title='bbox 555 414 737 464; x_wconf 76' lang='lat' dir='ltr'><strong>sanarnaa</strong></span> <span class='ocrx_word' id='word_1_2' title='bbox 755 413 930 464; x_wconf 65' lang='lat' dir='ltr'><strong>conones</strong></span> <span class='ocrx_word' id='word_1_3' title='bbox 1068 485 1070 489; x_wconf 13' lang='grc' dir='ltr'><strong><em>ι</em></strong></span> <span class='ocrx_word' id='word_1_4' title='bbox 1200 414 1248 464; x_wconf 75' lang='lat' dir='ltr'><strong>aaa</strong></span> 
     </span>
    </p>
   </div>
   <div class='ocr_carea' id='block_1_2' title="bbox 560 715 922 792">
    <p class='ocr_par' dir='ltr' id='par_1_2' title="bbox 560 715 922 792">
     <span class='ocr_line' id='line_1_2' title="bbox 560 715 922 792; baseline -0.003 -3"><span class='ocrx_word' id='word_1_5' title='bbox 560 718 714 792; x_wconf 79' lang='lat' dir='ltr'><strong>Mutata</strong></span> <span class='ocrx_word' id='word_1_6' title='bbox 731 715 922 791; x_wconf 78' lang='lat' dir='ltr'><em>Sententia.</em></span> 
     </span>
    </p>
   </div>
   <div class='ocr_carea' id='block_1_3' title="bbox 373 880 1030 1456">
    <p class='ocr_par' dir='ltr' id='par_1_3' title="bbox 373 880 1030 1456">
     <span class='ocr_line' id='line_1_3' title="bbox 373 880 1022 968; baseline 0.002 -25"><span class='ocrx_word' id='word_1_7' title='bbox 373 880 573 961; x_wconf 82' lang='lat' dir='ltr'><strong>Inconstans,</strong></span> <span class='ocrx_word' id='word_1_8' title='bbox 588 882 707 961; x_wconf 87' lang='lat' dir='ltr'><strong>hilaris,</strong></span> <span class='ocrx_word' id='word_1_9' title='bbox 723 905 855 968; x_wconf 86' lang='lat' dir='ltr'><strong>procax,</strong></span> <span class='ocrx_word' id='word_1_10' title='bbox 871 882 1022 945; x_wconf 85' lang='lat' dir='ltr'><strong>vacabam</strong></span> 
     </span>
     <span class='ocr_line' id='line_1_4' title="bbox 374 982 1030 1063; baseline 0.002 -17"><span class='ocrx_word' id='word_1_11' title='bbox 374 982 497 1062; x_wconf 89' lang='lat' dir='ltr'><strong>Choris,</strong></span> <span class='ocrx_word' id='word_1_12' title='bbox 513 985 681 1063; x_wconf 76' lang='lat' dir='ltr'><strong>cantabas,</strong></span> <span class='ocrx_word' id='word_1_13' title='bbox 697 986 844 1049; x_wconf 89' lang='lat' dir='ltr'><strong>omnibus</strong></span> <span class='ocrx_word' id='word_1_14' title='bbox 859 984 1030 1048; x_wconf 83' lang='lat' dir='ltr'><strong>cachinnis.</strong></span> 
     </span>
     <span class='ocr_line' id='line_1_5' title="bbox 374 1083 966 1170; baseline 0.002 -22"><span class='ocrx_word' id='word_1_15' title='bbox 374 1083 549 1149; x_wconf 77' lang='lat' dir='ltr'><strong>Libertatis</strong></span> <span class='ocrx_word' id='word_1_16' title='bbox 563 1109 681 1164; x_wconf 89' lang='lat' dir='ltr'><strong>amans,</strong></span> <span class='ocrx_word' id='word_1_17' title='bbox 697 1087 805 1170; x_wconf 88' lang='lat' dir='ltr'><strong>vigore</strong></span> <span class='ocrx_word' id='word_1_18' title='bbox 820 1086 915 1164; x_wconf 84' lang='lat' dir='ltr'><strong>laeta,</strong></span> <span class='ocrx_word' id='word_1_19' title='bbox 933 1097 966 1149; x_wconf 88' lang='lat' dir='ltr'><strong>et</strong></span> 
     </span>
     <span class='ocr_line' id='line_1_6' title="bbox 375 1185 945 1274; baseline 0.007 -25"><span class='ocrx_word' id='word_1_20' title='bbox 375 1185 517 1251; x_wconf 88' lang='lat' dir='ltr'><strong>Maerori</strong></span> <span class='ocrx_word' id='word_1_21' title='bbox 530 1188 673 1251; x_wconf 90' lang='lat' dir='ltr'><strong>medium</strong></span> <span class='ocrx_word' id='word_1_22' title='bbox 685 1189 845 1274; x_wconf 84' lang='lat' dir='ltr'><strong>nigrisqve</strong></span> <span class='ocrx_word' id='word_1_23' title='bbox 861 1192 945 1254; x_wconf 89' lang='lat' dir='ltr'><strong>curis</strong></span> 
     </span>
     <span class='ocr_line' id='line_1_7' title="bbox 374 1286 970 1374; baseline 0.007 -24"><span class='ocrx_word' id='word_1_24' title='bbox 374 1286 547 1353; x_wconf 88' lang='lat' dir='ltr'><strong>Ostentans</strong></span> <span class='ocrx_word' id='word_1_25' title='bbox 562 1290 710 1374; x_wconf 82' lang='lat' dir='ltr'><strong>digitum,</strong></span> <span class='ocrx_word' id='word_1_26' title='bbox 727 1291 866 1374; x_wconf 89' lang='lat' dir='ltr'><strong>superba</strong></span> <span class='ocrx_word' id='word_1_27' title='bbox 881 1290 970 1354; x_wconf 86' lang='lat' dir='ltr'><strong>dixi:</strong></span> 
     </span>
     <span class='ocr_line' id='line_1_8' title="bbox 374 1388 945 1456; baseline 0.007 -4"><span class='ocrx_word' id='word_1_28' title='bbox 374 1388 466 1454; x_wconf 84' lang='lat' dir='ltr'><strong>Haec</strong></span> <span class='ocrx_word' id='word_1_29' title='bbox 481 1400 530 1453; x_wconf 87' lang='lat' dir='ltr'><strong>est</strong></span> <span class='ocrx_word' id='word_1_30' title='bbox 543 1402 613 1455; x_wconf 86' lang='lat' dir='ltr'><strong>tota</strong></span> <span class='ocrx_word' id='word_1_31' title='bbox 626 1392 705 1456; x_wconf 89' lang='lat' dir='ltr'><strong>mihi</strong></span> <span class='ocrx_word' id='word_1_32' title='bbox 719 1402 824 1456; x_wconf 87' lang='lat' dir='ltr'><strong>creata</strong></span> <span class='ocrx_word' id='word_1_33' title='bbox 837 1391 945 1456; x_wconf 88' lang='lat' dir='ltr'><strong>tellus.</strong></span> 
     </span>
    </p>
   </div>
   <div class='ocr_carea' id='block_1_4' title="bbox 374 1591 1099 2181">
    <p class='ocr_par' dir='ltr' id='par_1_4' title="bbox 375 1591 1099 1880">
     <span class='ocr_line' id='line_1_9' title="bbox 377 1591 1099 1678; baseline 0.004 -23"><span class='ocrx_word' id='word_1_34' title='bbox 377 1591 443 1655; x_wconf 86' lang='lat' dir='ltr'><strong>Sed</strong></span> <span class='ocrx_word' id='word_1_35' title='bbox 458 1614 553 1678; x_wconf 87' lang='lat' dir='ltr'><strong>qvem</strong></span> <span class='ocrx_word' id='word_1_36' title='bbox 567 1593 718 1657; x_wconf 81' lang='lat' dir='ltr'><strong>maestior</strong></span> <span class='ocrx_word' id='word_1_37' title='bbox 732 1593 904 1678; x_wconf 79' lang='lat' dir='ltr'><strong>ingruebat</strong></span> <span class='ocrx_word' id='word_1_38' title='bbox 916 1593 1005 1672; x_wconf 89' lang='lat' dir='ltr'><strong>hora,</strong></span> <span class='ocrx_word' id='word_1_39' title='bbox 1095 1662 1099 1671; x_wconf 62' lang='grc'><em>,</em></span> 
     </span>
     <span class='ocr_line' id='line_1_10' title="bbox 377 1692 1079 1780; baseline -0.001 -20"><span class='ocrx_word' id='word_1_40' title='bbox 377 1692 483 1760; x_wconf 85' lang='lat' dir='ltr'>Qvom</span> <span class='ocrx_word' id='word_1_41' title='bbox 498 1696 629 1759; x_wconf 86' lang='lat' dir='ltr'>morbus</span> <span class='ocrx_word' id='word_1_42' title='bbox 644 1696 798 1759; x_wconf 87' lang='lat' dir='ltr'><strong>tremulos</strong></span> <span class='ocrx_word' id='word_1_43' title='bbox 811 1697 966 1780; x_wconf 86' lang='lat' dir='ltr'><strong>gravabat</strong></span> <span class='ocrx_word' id='word_1_44' title='bbox 979 1706 1079 1773; x_wconf 88' lang='lat' dir='ltr'><strong>artus,</strong></span> 
     </span>
     <span class='ocr_line' id='line_1_11' title="bbox 375 1794 930 1880; baseline 0.009 -23"><span class='ocrx_word' id='word_1_45' title='bbox 375 1794 447 1858; x_wconf 89' lang='lat' dir='ltr'><strong>Nec</strong></span> <span class='ocrx_word' id='word_1_46' title='bbox 460 1818 542 1860; x_wconf 88' lang='lat' dir='ltr'><strong>vano</strong></span> <span class='ocrx_word' id='word_1_47' title='bbox 555 1809 703 1880; x_wconf 86' lang='lat' dir='ltr'><strong>poteram</strong></span> <span class='ocrx_word' id='word_1_48' title='bbox 716 1820 827 1862; x_wconf 88' lang='lat' dir='ltr'><strong>vacare</strong></span> <span class='ocrx_word' id='word_1_49' title='bbox 842 1797 930 1877; x_wconf 87' lang='lat' dir='ltr'><strong>ludo,</strong></span> 
     </span>
    </p>

    <p class='ocr_par' dir='ltr' id='par_1_5' title="bbox 377 1894 972 1979">
     <span class='ocr_line' id='line_1_12' title="bbox 377 1894 972 1979; baseline 0.007 -20"><span class='ocrx_word' id='word_1_50' title='bbox 377 1894 448 1959; x_wconf 91' lang='lat' dir='ltr'><strong>Nec</strong></span> <span class='ocrx_word' id='word_1_51' title='bbox 463 1909 576 1961; x_wconf 79' lang='lat' dir='ltr'><strong>cantus</strong></span> <span class='ocrx_word' id='word_1_52' title='bbox 590 1921 743 1963; x_wconf 84' lang='lat' dir='ltr'><strong>renovare</strong></span> <span class='ocrx_word' id='word_1_53' title='bbox 756 1922 816 1963; x_wconf 89' lang='lat' dir='ltr'><strong>nec</strong></span> <span class='ocrx_word' id='word_1_54' title='bbox 831 1899 972 1979; x_wconf 86' lang='lat' dir='ltr'><strong>choreas,</strong></span> 
     </span>
    </p>

    <p class='ocr_par' dir='ltr' id='par_1_6' title="bbox 375 1996 947 2078">
     <span class='ocr_line' id='line_1_13' title="bbox 375 1996 947 2078; baseline 0.01 -19"><span class='ocrx_word' id='word_1_55' title='bbox 375 1996 461 2060; x_wconf 90' lang='lat' dir='ltr'><strong>Tum</strong></span> <span class='ocrx_word' id='word_1_56' title='bbox 476 1997 546 2062; x_wconf 85' lang='lat' dir='ltr'><strong>dixi</strong></span> <span class='ocrx_word' id='word_1_57' title='bbox 559 1999 628 2064; x_wconf 86' lang='lat' dir='ltr'><strong>fore</strong></span> <span class='ocrx_word' id='word_1_58' title='bbox 644 2000 745 2078; x_wconf 89' lang='lat' dir='ltr'><strong>triste,</strong></span> <span class='ocrx_word' id='word_1_59' title='bbox 761 2001 787 2064; x_wconf 88' lang='lat' dir='ltr'><strong>si</strong></span> <span class='ocrx_word' id='word_1_60' title='bbox 803 2012 947 2065; x_wconf 86' lang='lat' dir='ltr'><strong>creatum</strong></span> 
     </span>
    </p>

    <p class='ocr_par' dir='ltr' id='par_1_7' title="bbox 374 2098 940 2181">
     <span class='ocr_line' id='line_1_14' title="bbox 374 2098 940 2181; baseline 0.011 -18"><span class='ocrx_word' id='word_1_61' title='bbox 374 2098 433 2163; x_wconf 92' lang='lat' dir='ltr'><strong>Nil</strong></span> <span class='ocrx_word' id='word_1_62' title='bbox 447 2111 531 2165; x_wconf 89' lang='lat' dir='ltr'><strong>esset</strong></span> <span class='ocrx_word' id='word_1_63' title='bbox 544 2103 634 2181; x_wconf 86' lang='lat' dir='ltr'><strong>mihi,</strong></span> <span class='ocrx_word' id='word_1_64' title='bbox 651 2103 685 2166; x_wconf 91' lang='lat' dir='ltr'><strong>ni</strong></span> <span class='ocrx_word' id='word_1_65' title='bbox 700 2104 820 2167; x_wconf 88' lang='lat' dir='ltr'><strong>caduca</strong></span> <span class='ocrx_word' id='word_1_66' title='bbox 835 2104 940 2173; x_wconf 83' lang='lat' dir='ltr'><strong>tellus.</strong></span> 
     </span>
    </p>
   </div>
   <div class='ocr_carea' id='block_1_5' title="bbox 604 2558 887 2632">
    <p class='ocr_par' dir='ltr' id='par_1_8' title="bbox 604 2558 887 2632">
     <span class='ocr_line' id='line_1_15' title="bbox 604 2558 887 2632; baseline 0.007 -2"><span class='ocrx_word' id='word_1_67' title='bbox 604 2558 680 2632; x_wconf 77' lang='lat' dir='ltr'><strong>Rea</strong></span> <span class='ocrx_word' id='word_1_68' title='bbox 697 2558 887 2632; x_wconf 70' lang='lat' dir='ltr'><strong>Advertere.</strong></span> 
     </span>
    </p>
   </div>
   <div class='ocr_carea' id='block_1_6' title="bbox 289 2720 1188 3998">
    <p class='ocr_par' dir='ltr' id='par_1_9' title="bbox 292 2720 1104 2910">
     <span class='ocr_line' id='line_1_16' title="bbox 292 2720 1104 2808; baseline -0.004 -21"><span class='ocrx_word' id='word_1_69' title='bbox 292 2721 434 2806; x_wconf 87' lang='lat' dir='ltr'><strong>Imperio</strong></span> <span class='ocrx_word' id='word_1_70' title='bbox 450 2722 618 2808; x_wconf 81' lang='lat' dir='ltr'><strong>qvondam,</strong></span> <span class='ocrx_word' id='word_1_71' title='bbox 635 2723 794 2806; x_wconf 89' lang='lat' dir='ltr'><strong>qvondam</strong></span> <span class='ocrx_word' id='word_1_72' title='bbox 809 2724 958 2807; x_wconf 85' lang='lat' dir='ltr'><strong>dignatus</strong></span> <span class='ocrx_word' id='word_1_73' title='bbox 972 2720 1104 2799; x_wconf 83' lang='lat' dir='ltr'><strong>honore,</strong></span> 
     </span>
     <span class='ocr_line' id='line_1_17' title="bbox 334 2823 1006 2910; baseline 0.001 -22"><span class='ocrx_word' id='word_1_74' title='bbox 334 2824 420 2889; x_wconf 86' lang='lat' dir='ltr'><strong>Mox</strong></span> <span class='ocrx_word' id='word_1_75' title='bbox 434 2825 520 2887; x_wconf 88' lang='lat' dir='ltr'><strong>idem</strong></span> <span class='ocrx_word' id='word_1_76' title='bbox 536 2824 709 2910; x_wconf 88' lang='lat' dir='ltr'><strong>opprobrio</strong></span> <span class='ocrx_word' id='word_1_77' title='bbox 722 2824 926 2909; x_wconf 89' lang='lat' dir='ltr'><strong>ludibrioqve</strong></span> <span class='ocrx_word' id='word_1_78' title='bbox 938 2823 1006 2889; x_wconf 85' lang='lat' dir='ltr'><strong>fui:</strong></span> 
     </span>
    </p>

    <p class='ocr_par' dir='ltr' id='par_1_10' title="bbox 293 2924 1160 3112">
     <span class='ocr_line' id='line_1_18' title="bbox 293 2924 1160 3009; baseline -0.003 -20"><span class='ocrx_word' id='word_1_79' title='bbox 293 2925 444 3009; x_wconf 84' lang='lat' dir='ltr'><strong>Seriaqve</strong></span> <span class='ocrx_word' id='word_1_80' title='bbox 458 2926 493 2988; x_wconf 92' lang='lat' dir='ltr'><strong>in</strong></span> <span class='ocrx_word' id='word_1_81' title='bbox 507 2925 600 2988; x_wconf 89' lang='lat' dir='ltr'><strong>terris</strong></span> <span class='ocrx_word' id='word_1_82' title='bbox 613 2925 723 3008; x_wconf 92' lang='lat' dir='ltr'><strong>potior</strong></span> <span class='ocrx_word' id='word_1_83' title='bbox 736 2925 817 2988; x_wconf 93' lang='lat' dir='ltr'><strong>mihi</strong></span> <span class='ocrx_word' id='word_1_84' title='bbox 831 2926 970 3009; x_wconf 84' lang='lat' dir='ltr'><strong>vesperis</strong></span> <span class='ocrx_word' id='word_1_85' title='bbox 983 2924 1097 2988; x_wconf 86' lang='lat' dir='ltr'><strong>umbra</strong></span> <span class='ocrx_word' id='word_1_86' title='bbox 1111 2932 1160 2987; x_wconf 90' lang='lat' dir='ltr'><strong>est</strong></span> 
     </span>
     <span class='ocr_line' id='line_1_19' title="bbox 334 3028 977 3112; baseline -0.005 -18"><span class='ocrx_word' id='word_1_87' title='bbox 334 3028 440 3096; x_wconf 83' lang='lat' dir='ltr'><strong>Qvam</strong></span> <span class='ocrx_word' id='word_1_88' title='bbox 453 3028 575 3112; x_wconf 87' lang='lat' dir='ltr'><strong>liqvida</strong></span> <span class='ocrx_word' id='word_1_89' title='bbox 589 3029 695 3092; x_wconf 88' lang='lat' dir='ltr'><strong>ridens</strong></span> <span class='ocrx_word' id='word_1_90' title='bbox 709 3029 798 3093; x_wconf 88' lang='lat' dir='ltr'><strong>ebria</strong></span> <span class='ocrx_word' id='word_1_91' title='bbox 811 3029 884 3092; x_wconf 89' lang='lat' dir='ltr'><strong>luce</strong></span> <span class='ocrx_word' id='word_1_92' title='bbox 899 3028 977 3092; x_wconf 86' lang='lat' dir='ltr'><strong>dies.</strong></span> 
     </span>
    </p>

    <p class='ocr_par' dir='ltr' id='par_1_11' title="bbox 290 3128 1070 3325">
     <span class='ocr_line' id='line_1_20' title="bbox 290 3128 1070 3215; baseline -0.004 -20"><span class='ocrx_word' id='word_1_93' title='bbox 290 3130 378 3197; x_wconf 82' lang='lat' dir='ltr'><strong>Qvid</strong></span> <span class='ocrx_word' id='word_1_94' title='bbox 392 3152 524 3215; x_wconf 85' lang='lat' dir='ltr'><strong>regnare</strong></span> <span class='ocrx_word' id='word_1_95' title='bbox 539 3130 617 3193; x_wconf 89' lang='lat' dir='ltr'><strong>tulit</strong></span> <span class='ocrx_word' id='word_1_96' title='bbox 629 3130 691 3193; x_wconf 89' lang='lat' dir='ltr'><strong>nisi</strong></span> <span class='ocrx_word' id='word_1_97' title='bbox 704 3129 832 3213; x_wconf 88' lang='lat' dir='ltr'><strong>pondus</strong></span> <span class='ocrx_word' id='word_1_98' title='bbox 847 3130 937 3193; x_wconf 88' lang='lat' dir='ltr'><strong>triste</strong></span> <span class='ocrx_word' id='word_1_99' title='bbox 951 3128 1070 3209; x_wconf 78' lang='lat' dir='ltr'><strong>laboris</strong></span> 
     </span>
     <span class='ocr_line' id='line_1_21' title="bbox 333 3231 927 3325; baseline 0.002 -30"><span class='ocrx_word' id='word_1_100' title='bbox 333 3231 494 3325; x_wconf 79' lang='lat' dir='ltr'><strong>Retiaqve</strong></span> <span class='ocrx_word' id='word_1_101' title='bbox 509 3232 643 3296; x_wconf 84' lang='lat' dir='ltr'><strong>occultis</strong></span> <span class='ocrx_word' id='word_1_102' title='bbox 655 3232 809 3296; x_wconf 88' lang='lat' dir='ltr'><strong>insidiosa</strong></span> <span class='ocrx_word' id='word_1_103' title='bbox 823 3232 927 3297; x_wconf 76' lang='lat' dir='ltr'><strong>dolis?</strong></span> 
     </span>
    </p>

    <p class='ocr_par' dir='ltr' id='par_1_12' title="bbox 289 3332 1067 3499">
     <span class='ocr_line' id='line_1_22' title="bbox 289 3332 1067 3420; baseline -0.003 -24"><span class='ocrx_word' id='word_1_104' title='bbox 289 3332 336 3396; x_wconf 85' lang='lat' dir='ltr'><strong>Et</strong></span> <span class='ocrx_word' id='word_1_105' title='bbox 351 3334 425 3417; x_wconf 85' lang='lat' dir='ltr'><strong>qvid</strong></span> <span class='ocrx_word' id='word_1_106' title='bbox 438 3334 632 3420; x_wconf 78' lang='lat' dir='ltr'><strong>pauperies?</strong></span> <span class='ocrx_word' id='word_1_107' title='bbox 654 3333 774 3397; x_wconf 84' lang='lat' dir='ltr'><strong>Christi</strong></span> <span class='ocrx_word' id='word_1_108' title='bbox 788 3334 933 3420; x_wconf 89' lang='lat' dir='ltr'><strong>suspiria,</strong></span> <span class='ocrx_word' id='word_1_109' title='bbox 949 3332 1067 3397; x_wconf 86' lang='lat' dir='ltr'><strong>Christi</strong></span> 
     </span>
     <span class='ocr_line' id='line_1_23' title="bbox 334 3434 928 3499; baseline 0.003 -2"><span class='ocrx_word' id='word_1_110' title='bbox 334 3434 450 3498; x_wconf 89' lang='lat' dir='ltr'><strong>Sortiri</strong></span> <span class='ocrx_word' id='word_1_111' title='bbox 463 3435 556 3498; x_wconf 85' lang='lat' dir='ltr'><strong>luctu</strong></span> <span class='ocrx_word' id='word_1_112' title='bbox 569 3457 643 3499; x_wconf 91' lang='lat' dir='ltr'><strong>cum</strong></span> <span class='ocrx_word' id='word_1_113' title='bbox 658 3434 777 3498; x_wconf 85' lang='lat' dir='ltr'><strong>leviore</strong></span> <span class='ocrx_word' id='word_1_114' title='bbox 792 3458 928 3499; x_wconf 88' lang='lat' dir='ltr'><strong>crucem.</strong></span> 
     </span>
    </p>

    <p class='ocr_par' dir='ltr' id='par_1_13' title="bbox 291 3534 1060 3703">
     <span class='ocr_line' id='line_1_24' title="bbox 291 3534 1052 3621; baseline 0 -22"><span class='ocrx_word' id='word_1_115' title='bbox 291 3534 383 3599; x_wconf 85' lang='lat' dir='ltr'><strong>Haec</strong></span> <span class='ocrx_word' id='word_1_116' title='bbox 394 3537 504 3621; x_wconf 84' lang='lat' dir='ltr'><strong>igitur,</strong></span> <span class='ocrx_word' id='word_1_117' title='bbox 520 3537 625 3600; x_wconf 86' lang='lat' dir='ltr'><strong>sinon</strong></span> <span class='ocrx_word' id='word_1_118' title='bbox 639 3537 728 3601; x_wconf 90' lang='lat' dir='ltr'><strong>caelo</strong></span> <span class='ocrx_word' id='word_1_119' title='bbox 744 3537 888 3614; x_wconf 84' lang='lat' dir='ltr'><strong>demisse,</strong></span> <span class='ocrx_word' id='word_1_120' title='bbox 905 3536 1052 3599; x_wconf 89' lang='lat' dir='ltr'><strong>voluntas</strong></span> 
     </span>
     <span class='ocr_line' id='line_1_25' title="bbox 335 3637 1060 3703; baseline 0 -2"><span class='ocrx_word' id='word_1_121' title='bbox 335 3637 393 3701; x_wconf 90' lang='lat' dir='ltr'><strong>Me</strong></span> <span class='ocrx_word' id='word_1_122' title='bbox 407 3650 515 3702; x_wconf 89' lang='lat' dir='ltr'><strong>tamen</strong></span> <span class='ocrx_word' id='word_1_123' title='bbox 529 3638 616 3702; x_wconf 86' lang='lat' dir='ltr'><strong>haud</strong></span> <span class='ocrx_word' id='word_1_124' title='bbox 630 3639 729 3702; x_wconf 92' lang='lat' dir='ltr'><strong>dubia</strong></span> <span class='ocrx_word' id='word_1_125' title='bbox 744 3638 835 3702; x_wconf 91' lang='lat' dir='ltr'><strong>ducit</strong></span> <span class='ocrx_word' id='word_1_126' title='bbox 847 3639 888 3701; x_wconf 88' lang='lat' dir='ltr'><strong>ad</strong></span> <span class='ocrx_word' id='word_1_127' title='bbox 902 3650 986 3703; x_wconf 85' lang='lat' dir='ltr'><strong>astra</strong></span> <span class='ocrx_word' id='word_1_128' title='bbox 999 3637 1060 3701; x_wconf 87' lang='lat' dir='ltr'><strong>via.</strong></span> 
     </span>
    </p>

    <p class='ocr_par' dir='ltr' id='par_1_14' title="bbox 294 3738 1155 3927">
     <span class='ocr_line' id='line_1_26' title="bbox 294 3738 1155 3827; baseline -0.002 -24"><span class='ocrx_word' id='word_1_129' title='bbox 294 3738 388 3803; x_wconf 87' lang='lat' dir='ltr'><strong>Hanc</strong></span> <span class='ocrx_word' id='word_1_130' title='bbox 403 3750 440 3803; x_wconf 91' lang='lat' dir='ltr'><strong>tu</strong></span> <span class='ocrx_word' id='word_1_131' title='bbox 454 3740 538 3818; x_wconf 87' lang='lat' dir='ltr'><strong>labe,</strong></span> <span class='ocrx_word' id='word_1_132' title='bbox 554 3740 657 3819; x_wconf 88' lang='lat' dir='ltr'><strong>Deus,</strong></span> <span class='ocrx_word' id='word_1_133' title='bbox 676 3741 826 3827; x_wconf 86' lang='lat' dir='ltr'><strong>turpiqvc</strong></span> <span class='ocrx_word' id='word_1_134' title='bbox 841 3740 1028 3825; x_wconf 78' lang='lat' dir='ltr'><strong>adspergine</strong></span> <span class='ocrx_word' id='word_1_135' title='bbox 1042 3761 1155 3823; x_wconf 86' lang='lat' dir='ltr'><strong>purga,</strong></span> 
     </span>
     <span class='ocr_line' id='line_1_27' title="bbox 337 3841 1032 3927; baseline 0 -22"><span class='ocrx_word' id='word_1_136' title='bbox 337 3841 384 3906; x_wconf 87' lang='lat' dir='ltr'><strong>Et</strong></span> <span class='ocrx_word' id='word_1_137' title='bbox 398 3841 458 3907; x_wconf 87' lang='lat' dir='ltr'><strong>tibi</strong></span> <span class='ocrx_word' id='word_1_138' title='bbox 474 3864 553 3927; x_wconf 87' lang='lat' dir='ltr'><strong>qvae</strong></span> <span class='ocrx_word' id='word_1_139' title='bbox 566 3842 714 3927; x_wconf 81' lang='lat' dir='ltr'><strong>placeant</strong></span> <span class='ocrx_word' id='word_1_140' title='bbox 729 3844 836 3909; x_wconf 86' lang='lat' dir='ltr'><strong>omnia</strong></span> <span class='ocrx_word' id='word_1_141' title='bbox 847 3842 930 3906; x_wconf 85' lang='lat' dir='ltr'><strong>velle</strong></span> <span class='ocrx_word' id='word_1_142' title='bbox 945 3841 1032 3906; x_wconf 89' lang='lat' dir='ltr'><strong>iube.</strong></span> 
     </span>
    </p>

    <p class='ocr_par' dir='ltr' id='par_1_15' title="bbox 1150 3940 1188 3998">
     <span class='ocr_line' id='line_1_28' title="bbox 1150 3940 1188 3998; baseline 0 0"><span class='ocrx_word' id='word_1_143' title='bbox 1150 3940 1188 3998; x_wconf 84' lang='lat' dir='ltr'><strong>K.</strong></span> 
     </span>
    </p>
   </div>
   <div class='ocr_carea' id='block_1_7' title="bbox 0 0 1630 4692">
    <p class='ocr_par' dir='ltr' id='par_1_16' title="bbox 0 0 1630 4692">
     <span class='ocr_line' id='line_1_29' title="bbox 0 0 1630 4692; baseline 0 1"><span class='ocrx_word' id='word_1_144' title='bbox 0 0 1630 4692; x_wconf 95' lang='lat' dir='ltr'><strong> </strong></span> 
     </span>
    </p>
   </div>
  </div>
 </body>
</html>
