3250 4692
571 429 753 482 saunlnnu
771 430 946 481 COROLLA.

558 693 644 767 Solo
662 693 697 766 in
715 693 819 766 litore
835 715 958 766 aecum.

303 891 412 972 Oubi,
430 915 510 979 qvos
524 894 665 960 celebrat
679 895 762 959 felix
775 895 946 974 vindemia,
963 905 1085 973 cantus,

344 996 408 1063 Qvi
422 1019 481 1082 per
495 1020 587 1083 egros
600 998 678 1062 laeti
693 1020 813 1085 perqve
828 1008 985 1084 vagantur
998 1001 1119 1085 aqvas?

304 1096 333 1161 O
347 1098 404 1162 nbi
418 1099 575 1164 ruricolae
589 1101 732 1183 gaudent
746 1101 889 1165 titubare
904 1101 1037 1181 choreis,

345 1198 521 1265 Libertatis
534 1224 642 1267 amens
655 1201 859 1287 laetitiaeqve
874 1202 1010 1267 cohors?

303 1301 527 1389 Caeruleisqve
542 1305 644 1369 almae
658 1304 817 1370 radiantia
829 1305 958 1369 risubus
972 1328 1069 1369 aurae

347 1404 377 1469 O
393 1405 450 1469 ubi
463 1406 590 1472 nativae
605 1419 692 1472 stant
705 1407 785 1472 mihi
801 1418 887 1472 tecta
902 1408 1040 1472 domus?

303 1507 357 1570 Ab
371 1508 466 1572 nimis
479 1509 536 1573 illa
549 1509 628 1574 mihi
643 1507 754 1595 spatiis
769 1507 920 1574 distantia
933 1509 1038 1595 longis

347 1609 477 1676 Invidet
489 1611 670 1678 inmensum
686 1611 897 1698 dissociatqve
911 1612 1042 1677 fretum.

305 1830 336 1895 0
350 1832 407 1897 ubi
421 1833 569 1898 melliflui
582 1833 681 1920 myrti
693 1833 850 1899 labuntur
864 1833 988 1913 odores,

348 1934 473 2021 Perqve
488 1959 578 2002 cavas
591 1936 690 2001 valles
700 1946 856 2022 prataqve
870 1937 955 2001 laeta
968 1945 1086 2015 ruunt,

304 2037 430 2122 Vesper
444 2039 501 2103 ubi
516 2048 655 2119 revocat,
673 2039 807 2105 Phoebo
821 2038 979 2124 fugiente,
994 2036 1190 2124 palumbem,

347 2139 393 2204 Et
407 2151 518 2205 monet
531 2140 700 2205 arboreum
715 2162 826 2205 rursus
840 2141 927 2205 adire
940 2139 1064 2204 larem?

306 2240 336 2305 O
351 2240 408 2304 ubi
422 2239 562 2306 natalem
576 2243 735 2326 tingentia
747 2243 888 2307 suaviter
900 2242 1021 2307 undam

347 2343 531 2410 Frondibus
544 2344 578 2409 in
590 2345 730 2431 propriis
744 2369 841 2410 aurea
854 2368 951 2430 poma
964 2345 1094 2409 nitenti

307 2444 361 2509 Ah
374 2446 470 2510 nimis
482 2445 538 2510 illa
552 2447 632 2512 mihi
646 2449 758 2533 spatiis
773 2448 925 2513 distantia
938 2448 1043 2532 longis

348 2547 477 2613 Invidet
489 2549 671 2638 inmensum
685 2550 899 2636 dissociatque
912 2550 1042 2614 fretum.

306 2750 336 2815 O
350 2752 409 2816 ubi
421 2752 608 2839 langventes
623 2753 709 2820 oculi
724 2755 910 2841 defessaqve
924 2752 1028 2840 longis

350 2853 409 2918 Me
423 2856 587 2921 desideriis
600 2867 732 2944 pectora
746 2879 819 2921 cara
831 2866 973 2935 manent,

307 2956 378 3023 Qva
393 2980 489 3043 super
503 2960 627 3044 exiguis
642 2959 795 3045 adoperta
808 2959 947 3044 mapalia
963 2958 1058 3023 tectis

352 3059 494 3125 Suscitat
506 3061 614 3126 ilieeas
628 3061 757 3126 mobilis
770 3081 848 3125 aura
862 3060 991 3125 eomas?

310 3161 543 3249 Hesperiasqve
557 3186 671 3228 sonans
684 3161 782 3248 longo
797 3185 951 3249 campana
963 3185 1022 3248 per
1035 3185 1128 3227 auras

350 3264 521 3331 Murmure
535 3265 639 3331 adhue
654 3288 778 3331 sacrum
793 3275 922 3351 tempus
936 3267 1045 3331 adesse
1059 3266 1194 3330 monetf

309 3366 364 3429 Ab
376 3367 471 3431 nimis
485 3365 541 3433 illa
555 3368 635 3433 mihi
649 3369 760 3454 spatiis
775 3368 926 3433 distantia
939 3367 1045 3453 longis

351 3467 480 3534 Invidet
493 3470 674 3535 inmensum
688 3471 901 3556 dissociatque
915 3470 1045 3536 fretum.

308 3671 436 3738 Ducere
450 3697 492 3739 ne
507 3685 609 3741 cesset
621 3676 744 3741 laetum
757 3675 921 3740 vindemia
933 3675 1067 3741 ludum:

353 3775 485 3842 Nectite
498 3801 649 3864 paganos,
665 3778 766 3843 libera
780 3779 886 3858 turba,
903 3777 1026 3845 choros.

310 3875 420 3944 Undet
433 3879 538 3946 adhuc
553 3881 636 3946 felix
649 3881 800 3946 redivivis
813 3880 983 3945 frondibus
996 3882 1101 3961 arbor,

353 3981 458 4050 Qvam
472 3982 601 4068 genitor
615 3992 714 4062 curat,
733 4005 826 4068 qvam
839 3992 933 4047 vocat
947 4004 1047 4068 usqve
1061 4005 1162 4048 suam.
