3250 4692
554 434 736 486 SABRINAE
755 436 932 487 cottonem
1202 441 1250 487 18³

596 776 763 849 Primulo
783 773 890 850 Veris.

375 955 509 1023 Qvaeris
524 979 581 1020 cur
595 956 657 1020 tibi
672 957 799 1021 muneri

414 1057 468 1121 Sic
483 1059 559 1122 anni
575 1057 717 1122 dederim
729 1057 888 1143 primitias
901 1059 987 1138 novi,

371 1159 438 1223 Cur
451 1159 504 1224 hic
519 1161 579 1224 flos
594 1159 655 1224 tibi
669 1161 805 1238 venerit,

414 1261 516 1326 Primi
530 1262 614 1326 veris
627 1261 740 1340 honos,
755 1261 883 1326 roribus
898 1262 1036 1326 emicans
1046 1265 1110 1328 1-

372 1466 460 1534 Qvas
474 1467 529 1532 dat
545 1466 678 1532 delicies
691 1468 807 1545 Amor,

414 1569 501 1649 Illas,
515 1569 609 1634 crede
624 1569 714 1647 mihi,
731 1570 875 1634 fletubus
889 1570 1063 1655 inrigat.—

372 1671 507 1739 Qvaeris
522 1694 580 1736 cur
595 1672 643 1736 ita
655 1670 797 1757 pallidus

412 1775 590 1858 Aegrescat
603 1774 697 1839 viridi
712 1773 835 1838 lumine
850 1774 1021 1854 flosculum

376 1979 493 2045 Culmo
508 2003 565 2044 cur
580 1990 692 2044 tenero
706 1981 804 2046 nimis

415 2084 590 2162 Flectstnr,
607 2105 709 2169 neqve
724 2085 829 2150 adhuc
843 2083 965 2149 fractus
978 2084 1070 2149 humi
1086 2084 1177 2150 cadat
1187 2085 1251 2149 2-

375 2184 467 2250 Haec
482 2196 526 2264 te,
543 2185 636 2249 crede
650 2185 742 2265 mihi,
758 2187 876 2252 docent

416 2287 465 2352 Ut
480 2310 551 2373 spes
564 2287 649 2352 inter
663 2288 766 2352 Amor
780 2289 921 2374 pendeat
935 2299 969 2353 et
983 2298 1099 2356 metus.

528 2899 684 2997 Surgere
702 2897 773 2971 iam
796 2898 958 2994 Tempus.

372 3068 545 3132 Audisne?
566 3068 646 3132 caeli
660 3067 725 3132 iam
739 3068 826 3132 canit
839 3067 880 3131 ad
894 3068 981 3132 fores

373 3169 521 3235 Alauda:
544 3169 609 3234 iam
624 3168 672 3233 sol
687 3169 830 3233 deseruit
844 3179 964 3248 torum,

436 3273 485 3336 Et
498 3273 577 3336 flore
592 3272 653 3336 sub
669 3271 778 3335 clauso
791 3270 930 3335 latentes

502 3374 625 3440 Suadet
637 3397 735 3460 eqvos
750 3396 891 3438 reserare
905 3373 1023 3438 fontes.

374 3579 444 3645 Iam
459 3579 667 3666 semiapertos
680 3579 823 3664 pandere
837 3577 998 3643 calthulae

374 3681 529 3747 Gaudent
544 3682 683 3747 ocellos:
707 3681 863 3767 qvidqvid
877 3691 964 3745 amat
978 3679 1094 3746 Venus

437 3782 508 3849 Iam
523 3784 644 3869 surgit:
669 3782 699 3847 0
715 3783 845 3848 tandem
860 3793 1020 3848 morantes

504 3885 680 3964 Discutias,
695 3907 767 3950 mea
781 3885 859 3964 vits,
875 3907 1013 3950 somnos.

1111 3986 1147 4043 R.
1164 3986 1194 4045 8.
