3250 4692
598 437 782 488 SABRINAE
801 437 975 487 COROLLA.
1261 442 1291 488 tt

554 707 689 780 Hector
706 717 740 778 et
759 703 1013 778 Andromache.

346 911 389 974 A.
414 908 503 991 Ergo
517 927 581 970 non
595 905 758 969 rediturus
772 904 836 968 ibit
851 903 975 969 Hector

417 1025 490 1091 Qva
505 1023 580 1094 diris
595 1045 729 1108 operans
743 1022 839 1085 sacris
853 1021 997 1086 Achilles

416 1139 557 1204 Patrocli
571 1139 665 1203 satiat
679 1161 791 1202 eruore
806 1141 939 1202 manes?

416 1255 493 1319 Heu
508 1255 577 1340 qvis
590 1265 662 1318 tum
676 1275 794 1338 pueros
807 1263 882 1317 tuos
896 1253 1025 1318 docebit

419 1370 555 1434 Hastam
571 1369 727 1433 coniicere
743 1379 777 1432 et
791 1367 867 1432 deos
880 1370 995 1448 vereri,

416 1486 522 1552 Qvom
537 1496 570 1549 te
585 1485 677 1570 nigra
690 1484 784 1570 palus
798 1483 918 1548 vorarit
933 1483 1034 1550 Orci?

349 1706 394 1772 H.
420 1706 507 1773 Qvin
521 1707 635 1770 fletum
650 1705 789 1783 cohibes,
805 1715 911 1770 amata
925 1708 1070 1791 conjnx?

417 1821 524 1886 Ardor
537 1843 589 1884 me
602 1819 688 1905 rapit
701 1842 773 1884 acer
787 1820 828 1884 ad
843 1820 1003 1885 duellum:

417 1935 530 2000 Nostri
545 1933 701 2020 Pergama
715 1935 876 1999 sustinent
889 1935 1010 2001 lacerti.

420 2052 630 2136 Propugnans
644 2059 790 2114 veterum
805 2050 920 2114 sacella
934 2052 1045 2114 divum

420 2155 602 2242 Obeumho,
619 2173 653 2227 et
666 2164 789 2249 patriae
805 2165 917 2228 salutis
931 2179 1041 2229 auctor

418 2279 582 2343 Demittor
598 2278 713 2364 Stygio
727 2279 843 2343 beatus
857 2283 952 2345 amni.

353 2503 394 2567 A.
418 2501 593 2586 Nunqvam
608 2509 686 2564 nota
700 2511 834 2584 crepant
846 2500 926 2564 mihi
940 2525 1044 2567 arma:
1069 2504 1101 2566 in
1116 2503 1189 2566 aula

419 2617 545 2681 Pendet
558 2617 668 2680 lancea
683 2616 790 2695 deses3
812 2616 1029 2703 inclutamqve

420 2731 542 2794 Sternit
557 2730 755 2795 Priamidum
769 2732 864 2795 ruina
876 2744 1016 2817 gentem.

421 2846 489 2910 Ibis
504 2868 565 2931 qvo
579 2867 683 2929 neqve
697 2845 758 2909 lux
773 2846 841 2910 adit
855 2847 930 2927 diei,

421 2961 622 3045 Cocytusqve
638 2959 764 3024 ululans
779 2972 875 3040 meat,
892 2971 1047 3049 tunmqve

421 3075 556 3139 Lethaei
569 3074 681 3139 latices
695 3085 810 3160 tegunt
824 3098 975 3142 amorem.

354 3295 398 3361 H.
422 3295 586 3381 Qvidqvid
600 3319 690 3360 mens
704 3297 815 3382 agitat,
831 3298 932 3384 cupit,
948 3299 1082 3380 laborat,

421 3408 495 3473 Hoc
510 3408 653 3473 Lethaea
666 3422 792 3495 premet
806 3413 913 3496 qvies3
937 3435 1077 3478 amorem

421 3523 524 3587 Lethe
539 3524 629 3588 nulla
643 3548 751 3589 meum
765 3549 875 3591 vorare
888 3528 1000 3613 pollet.

421 3639 554 3718 Audin,
577 3642 745 3705 moenibus
759 3641 859 3706 instat
872 3643 929 3707 illa
941 3644 1079 3729 Erinys:

423 3753 521 3818 Ferro
535 3755 596 3819 hoc
613 3755 704 3840 cinge
718 3756 813 3822 latus.
862 3757 950 3823 Qvid
963 3781 1064 3846 usqve
1077 3757 1207 3846 ploras?

422 3867 571 3936 Lethaeis
585 3883 672 3936 amat
686 3871 811 3936 Hector
824 3872 859 3936 in
873 3874 1023 3941 tenebris.

1199 3987 1237 4042 K.
