3250 4692
564 456 747 505 SABRINAE
766 458 942 507 COROLLA.

718 772 792 847 Ver.

295 970 415 1036 Mellaa
427 995 501 1058 pars
516 974 602 1053 anni,
618 974 735 1038 florum
750 973 965 1060 frondumqve
980 974 1131 1051 creatrix,

340 1075 409 1140 Iam
424 1076 519 1140 viridi
535 1076 634 1141 valles
648 1088 683 1140 et
695 1076 772 1160 iuga
785 1086 875 1141 veste
890 1077 990 1161 tegit3

296 1177 503 1264 Colloqvium
517 1178 636 1243 vocalis
651 1180 718 1264 agit
733 1201 806 1243 cum
822 1202 969 1265 compare
985 1188 1104 1258 turtur,

339 1280 440 1344 laeta
453 1281 545 1344 novis
558 1281 677 1366 plumis
693 1281 806 1345 Attica
821 1291 930 1345 cantat
944 1281 1021 1347 avis.

296 1382 365 1447 Ver
378 1382 476 1447 rediit
488 1383 575 1448 ruri:
599 1384 663 1447 iarn
680 1405 823 1470 qvaeqve
836 1383 1013 1469 repullulat
1026 1382 1136 1461 herba,

339 1483 410 1548 Iam
424 1484 523 1549 micat
536 1484 571 1548 in
586 1485 688 1549 vitreo
703 1507 866 1570 sqvamma
879 1486 1002 1550 refecta
1014 1486 1097 1551 lacu.

297 1585 426 1650 Cornua
438 1597 582 1651 mutatus
596 1588 765 1673 suspendit
777 1588 811 1652 in
827 1588 941 1652 arbore
956 1610 1086 1667 cervus3

340 1687 497 1775 Deposita
511 1690 612 1753 veteri
627 1712 742 1776 caprea
754 1690 841 1776 pelle
855 1690 939 1756 salit.

297 1790 408 1856 Findit
421 1792 484 1856 iter
496 1790 655 1877 liqvidum
669 1815 795 1857 muscas
809 1794 868 1857 ubi
883 1802 993 1877 captet
1006 1793 1146 1858 hirundo

341 1894 477 1959 Proiicit
488 1896 657 1961 hibernam
672 1896 782 1982 vipera
794 1896 883 1983 picta
896 1896 1016 1961 cutim:

298 1995 418 2061 Sedula
431 1997 544 2062 miscet
558 1998 626 2083 apis
640 1998 837 2084 fragrantem
851 1999 956 2064 mellis
970 2022 1129 2079 acervum,

340 2098 446 2163 Pestis
460 2100 545 2163 enim
559 2100 676 2165 florum
690 2101 791 2166 noxia
804 2101 892 2186 fugit
906 2100 1018 2168 hieme.

298 2201 413 2265 Cetera
427 2201 606 2267 laetantur:
631 2203 798 2289 depommt
812 2214 919 2267 cetera
935 2227 1044 2270 curas:

341 2303 408 2368 Sed
421 2303 501 2369 mihi
517 2304 667 2369 tristitiae
682 2306 791 2370 flebile
806 2306 921 2371 crescit
936 2329 1029 2373 onus.

619 2598 899 2611 ....-.————

689 2812 831 2889 Norae.

516 2994 619 3059 Caeca
632 2995 735 3060 tristia
750 2996 892 3075 nuntias,

515 3095 622 3183 Rupis
635 3098 742 3163 incola
755 3120 890 3163 saxeae:

516 3200 580 3265 Ast
594 3224 653 3286 ego
667 3200 851 3285 ingrediens
864 3200 936 3265 loca

516 3303 602 3384 Sola,
619 3327 698 3391 qvos
711 3304 838 3369 habitas
850 3304 960 3383 Lares,

580 3406 700 3471 Nescio
714 3408 784 3493 ipsa
799 3417 991 3472 tremorem:

516 3509 592 3596 Ipsa
605 3510 712 3575 nescia
725 3534 797 3576 sum
811 3521 928 3590 metus,

516 3612 757 3700 Qvalecumqve
772 3613 946 3679 minaberis

517 3714 614 3779 Certa
626 3716 763 3801 pessima
776 3716 923 3802 per-petiz

516 3814 595 3882 Vita
610 3815 710 3881 febris
723 3817 809 3881 enim
824 3816 945 3902 fugam

581 3920 674 3984 Mors
686 3919 787 3985 babet
801 3921 1004 3985 medicinam.

1161 2413 1200 2471 K.
