3250 4692
601 419 784 468 SABRINAE
803 419 980 468 COROLLA.
1249 423 1293 469 151

699 731 874 806 Leander.

331 919 422 983 Aura
436 927 528 982 sonat
543 918 667 982 tumido
683 940 779 1003 super
795 917 909 981 Helles
923 941 1073 1003 aequore,
1091 931 1128 983 ut
1141 918 1198 983 illa

374 1023 480 1087 Nocte
495 1022 687 1108 procellosas
703 1043 799 1107 qvom
814 1021 949 1085 furiarat
963 1046 1069 1107 aqvas,

330 1124 499 1210 Qvomqve
513 1126 616 1189 Amor
631 1125 746 1204 emisit,
764 1127 906 1209 qvamvis
920 1148 1043 1190 servare
1058 1149 1116 1212 per
1130 1128 1231 1190 undas

373 1228 539 1292 Emissum
550 1229 704 1313 juvenem
719 1250 784 1292 non
799 1229 998 1293 meminisset
1012 1231 1125 1294 Amor.

331 1332 380 1395 At
393 1332 551 1397 formosus
567 1344 635 1396 erat
649 1355 741 1416 puer,
758 1342 791 1395 at
806 1332 1010 1396 fortissumus
1024 1333 1120 1412 idem,

376 1435 456 1519 Spes
471 1435 538 1497 sine
553 1434 646 1498 rivali
663 1435 807 1498 Sestidos
822 1457 886 1497 una
901 1457 1011 1499 nurus.

331 1536 361 1600 Ο
376 1538 434 1600 ubi
450 1538 570 1602 desole
586 1537 778 1623 splendescit
794 1537 828 1601 in
844 1561 918 1602 aera
932 1539 1013 1602 turri

376 1638 484 1704 Taeda
498 1639 662 1724 puellaris,
679 1639 799 1702 saeviat
813 1662 890 1703 aura
905 1638 990 1717 lieet,

331 1743 454 1828 Spuma
469 1742 535 1806 salo
549 1742 626 1807 licet
641 1742 790 1820 albescat,
807 1742 1015 1828 volucresque
1031 1743 1171 1807 marinae

373 1845 566 1910 Raucisonis
580 1846 717 1909 iubeant
731 1846 907 1930 qvestubus
921 1845 968 1909 ire
984 1846 1135 1922 domum;

330 1946 479 2032 Desuper
493 1948 579 2012 hunc
594 1949 709 2026 nubes,
726 1947 811 2012 infra
825 1947 902 2011 lieet
916 1959 1023 2011 aestus
1037 1970 1190 2032 aquarum

376 2050 458 2113 Mile
473 2060 561 2113 vetet
576 2050 675 2134 signis
689 2072 834 2135 pergere,
850 2049 927 2113 mile
943 2050 1046 2128 sonis;

331 2153 469 2217 Cernere
484 2175 548 2216 uon
563 2153 649 2237 potis
665 2163 723 2230 est,
740 2175 805 2216 non
821 2152 892 2215 vult
905 2153 1017 2216 audire
1032 2175 1165 2216 sonusve

376 2254 512 2338 Signave
527 2265 678 2318 venturos
692 2254 866 2318 vaticinata
880 2266 1004 2319 metus:

332 2355 408 2419 Non
424 2355 524 2419 oculis
539 2356 709 2441 qvidqvam
725 2355 785 2418 nisi
801 2357 962 2419 flammam
977 2356 1127 2441 adspexit
1140 2357 1256 2420 amoris
1271 2384 1278 2435 3

376 2457 451 2522 Sola
465 2458 500 2520 in
514 2457 638 2522 sidereo
652 2457 712 2522 lux
728 2481 766 2521 ea
780 2459 847 2522 visa
861 2458 954 2544 polo:

333 2560 409 2624 Non
425 2558 485 2624 nisi
500 2582 566 2624 vox
582 2559 692 2624 Herus
708 2571 798 2623 tonat
813 2561 964 2624 auribus:
986 2559 1085 2623 Unda
1098 2559 1210 2624 fideles

376 2662 491 2726 Invida
505 2684 545 2725 ne
561 2684 691 2747 quaeras
706 2662 874 2726 dissociare
890 2663 956 2726 diu.

332 2765 455 2831 Fabula
469 2767 573 2851 prisca
589 2765 735 2849 qvide1n3
756 2766 812 2828 sed
827 2767 929 2829 Amor
942 2764 1094 2828 iuvenilia
1110 2766 1166 2829 tali

375 2868 455 2931 Fors
469 2867 565 2931 hodic
581 2866 727 2930 stimulet
744 2867 840 2930 corda
854 2867 957 2932 calere
972 2868 1046 2931 fide.

292 3558 389 3626 Qvod
403 3567 452 3621 tut
467 3557 557 3621 abest
572 3556 685 3620 animis
700 3555 780 3619 mihi
796 3555 956 3641 displicet,
973 3568 1007 3621 at
1021 3559 1121 3641 magis
1136 3559 1229 3640 illud,

336 3659 430 3726 Qvod
446 3670 495 3723 tot
509 3659 591 3722 inest
605 3659 730 3742 linguis,
745 3658 903 3742 displicet,
920 3658 1002 3722 alma
1019 3660 1124 3725 Fides.

293 3762 451 3847 Displicet
466 3785 542 3846 ergo
560 3763 677 3826 Fides?
722 3761 880 3824 Credatur
894 3762 935 3824 ab
952 3763 1101 3826 omnibus
1116 3786 1183 3842 oro,

337 3865 449 3950 Deqve
465 3865 544 3929 Fide
560 3864 698 3928 mundus
714 3864 837 3927 desinat
850 3886 917 3928 esse
932 3863 1061 3950 loqvax.

1200 3971 1237 4027 K.
