3250 4692
587 453 770 505 SABRINAE
789 455 964 506 COROLLA.
1249 455 1281 508 2⁷

625 676 743 750 Lacus
762 675 929 774 Eruptt'o.

360 846 487 934 Fugere
501 850 606 936 ruptis
621 851 781 916 obiicibus
793 851 884 917 lacus

359 951 484 1036 Fugere
498 951 667 1038 lymphae:
691 975 750 1038 per
764 975 841 1018 cava
853 954 986 1019 litorum

402 1054 569 1118 Exsultim
585 1063 618 1118 et
631 1055 769 1118 inmissis
783 1055 917 1121 habenis

446 1157 587 1240 Agmine
601 1179 703 1243 prono
719 1158 865 1243 equitant
877 1159 1025 1245 liquores,

360 1307 592 1372 Bacchantium
607 1331 680 1372 cum
694 1330 859 1372 murmure
873 1308 1042 1386 fluctuum,

361 1409 495 1475 Dudum
508 1420 674 1475 vocantem
689 1411 791 1474 visere
806 1411 924 1476 Nerea.

403 1512 467 1576 Per
480 1536 559 1578 saxa
573 1515 797 1599 depressasqve
811 1512 920 1591 valles,

446 1615 510 1679 Per
523 1617 620 1680 siluas
634 1615 716 1680 furit
730 1615 885 1700 expedito

362 1765 509 1831 Humore
523 1777 648 1831 torrens
662 1767 781 1831 amnis:
807 1776 841 1830 et
854 1765 985 1851 inpetus

363 1867 630 1933 Tumultuantem
646 1891 707 1954 qva
720 1868 807 1947 tulit,
823 1867 914 1932 ilices

403 1972 436 2036 A
450 1971 550 2056 stirpe
565 1972 730 2036 convulsas
745 1979 779 2034 et
793 1992 888 2033 ornos

447 2073 563 2138 Traxit
576 2075 618 2138 ad
632 2096 787 2139 oceanum
801 2095 967 2138 voracem:

359 2222 552 2308 Regumqve
568 2235 672 2286 turres
688 2231 834 2306 tectaqve
848 2243 1029 2305 pauperum

362 2327 508 2391 Tandem
522 2326 634 2390 ruinae
650 2325 823 2389 conciliant
835 2346 946 2409 pares;

404 2428 547 2513 Fatoqve
563 2437 724 2492 consortes
739 2426 854 2490 eodem

447 2531 531 2595 Cum
544 2529 674 2594 famulis
689 2529 811 2593 domini
825 2551 883 2613 per
897 2551 995 2592 unam

363 2685 510 2769 Stragem
524 2684 558 2747 in
574 2682 739 2768 superbos,
757 2704 817 2746 ceu
832 2681 969 2767 stipulae
983 2681 1080 2760 leves,

360 2785 548 2851 Volvuntur
562 2795 677 2849 aestus.
723 2783 913 2849 Vorticibus
927 2783 1009 2848 furit

403 2887 589 2973 Neptunus,
606 2897 639 2950 et
653 2887 762 2950 cristas
776 2896 939 2950 comantes
1066 2890 1068 2893 ’

447 2989 627 3054 Fluctubus
641 2989 802 3073 aeriasqve
817 3000 967 3073 torqvens

363 3132 501 3216 Spumas
516 3154 650 3216 opacum
665 3131 808 3195 nubibus
822 3131 864 3195 ed
876 3131 989 3216 polum

362 3233 508 3318 Inmugit
523 3234 643 3297 omnis:
669 3255 731 3318 qvo
745 3232 880 3297 fremitu
895 3233 992 3298 Pater

404 3337 543 3401 Erectus
557 3359 692 3400 excusso
707 3358 821 3422 sopore

447 3437 613 3503 Fulminat
628 3448 661 3502 et
675 3439 834 3504 iaculatur
848 3440 957 3524 ignes:

364 3583 529 3671 Supraqve
544 3587 725 3670 circumqve
741 3586 881 3650 exitium
894 3585 1026 3670 ingruit,

366 3686 575 3773 Qvocumqve
589 3710 717 3752 cursum
730 3689 944 3773 praecipitant
957 3710 1075 3773 aqvae3

408 3790 580 3877 Tellusqve
595 3790 779 3876 caelumqve
795 3803 830 3855 et
846 3791 1025 3856 tremendas

452 3893 505 3958 Ira
519 3895 615 3958 maris
628 3893 786 3977 glomerat
799 3894 919 3959 ruinas.

1098 3992 1131 4050 T.
1147 3993 1176 4052 S.
1190 3991 1225 4048 Ε.
