3250 4692
579 420 762 471 SABRINAE
781 420 957 471 COROLLA.

444 866 566 941 Terris
583 878 772 941 mutantem
786 892 900 967 regna
920 866 1096 941 Cometen.

397 1104 428 1169 0
445 1105 507 1186 Tu,
524 1107 648 1194 capillis
662 1108 766 1172 cineae
780 1108 999 1192 flagrantibus,

396 1208 503 1275 Quem
516 1210 614 1274 vestit
627 1220 696 1273 atra
710 1220 813 1274 terror
826 1210 976 1295 imagine,

462 1311 643 1396 Caecosqve
657 1322 822 1375 moturum
838 1313 996 1377 tumultus

526 1414 643 1498 Regna
655 1424 776 1499 pavent
788 1414 956 1499 utriusque
969 1414 1100 1479 mundi:

396 1620 470 1687 Qvo
485 1642 571 1684 nunc
585 1642 644 1706 per
657 1619 801 1684 aethram
817 1620 921 1684 flectis
934 1620 997 1685 iter
1009 1643 1126 1707 vagum

397 1722 504 1787 Albae
517 1722 616 1787 feraci
629 1722 710 1786 lucis
723 1723 758 1786 in
772 1745 910 1808 aequore
924 1724 937 1787 2

463 1825 530 1889 Cur
542 1824 618 1910 igne
632 1825 724 1889 ferali
738 1826 881 1910 refulges

526 1928 700 1993 caeruleae
712 1950 815 1992 novus
829 1929 946 2013 hospes
961 1950 1056 1992 ausae
1068 1930 1081 1988 l

396 2131 427 2197 O
442 2132 469 2195 si
482 2131 663 2218 profundae
678 2132 794 2197 Noctis
807 2132 842 2196 in
857 2130 1000 2196 ultumos

400 2234 510 2299 Tollar
523 2258 676 2314 recessus,
693 2244 731 2298 ut
744 2235 815 2299 loca
829 2235 921 2299 devia

461 2335 604 2421 Orasqve
620 2337 771 2401 discretas
785 2337 911 2401 solutus

524 2438 725 2525 Obstupeam
739 2462 917 2525 vacuosque
932 2450 1071 2521 tractus3

397 2646 471 2713 Qua
484 2652 576 2730 parte
590 2643 671 2707 sacri
684 2643 824 2727 fulguris
838 2644 970 2728 inpetus

398 2748 462 2812 Per
476 2769 570 2811 caeca
583 2745 706 2831 rumpit
720 2766 885 2809 murmura
899 2746 1047 2824 nubium,

459 2848 506 2912 Et
519 2847 612 2931 nigra
626 2847 773 2910 maiestas
786 2847 945 2932 procellae

524 2950 577 3014 De
592 2948 691 3012 rutilo
705 2948 820 3034 procul
834 2950 925 3013 ardet
939 2972 1020 3029 axe3

396 3156 511 3241 Tuqve
525 3177 545 3219 a
557 3153 649 3219 sedili
665 3154 801 3239 despicis
815 3155 926 3233 arduo,

395 3258 539 3336 Cometa,
555 3267 666 3321 coetus
678 3257 819 3320 sidereos
831 3258 909 3342 poli,

458 3360 634 3444 Lunaeque
649 3358 869 3445 contemplans
882 3360 1007 3426 labores

523 3464 587 3528 Per
600 3484 731 3548 superas
745 3462 891 3547 spatiaris
906 3464 1003 3530 aulas.

395 3668 443 3733 Te
457 3678 570 3733 cautus
583 3666 694 3731 horret
706 3668 824 3747 navita,
841 3672 1006 3736 marmoris

395 3772 576 3835 Demensus
589 3769 682 3833 astris
697 3770 789 3835 dorsa
803 3775 978 3854 tumentia;

457 3873 505 3937 Te
519 3884 629 3959 pastor
642 3874 793 3959 adspecta
807 3875 925 3941 nivosis

522 3978 553 4041 E
569 3976 708 4062 speculis
722 3979 866 4043 animum
881 3980 1004 4065 fatigat,

734 4100 757 4143 u
777 4101 799 4144 u

1224 423 1272 475 273
