3250 4692
361 412 410 462 m
679 408 864 461 SABRINAE
883 408 1058 458 COROLLA.

608 782 679 861 Βάν
695 782 723 858 δ’
741 792 847 883 ίμιναι
865 781 1037 882 πολεμόνδε
1056 786 1126 858 θεοί.

363 967 516 1055 Τάρταρε
530 966 804 1055 πουλυμέλαθρε,
821 968 929 1032 κακῶν
945 964 1098 1053 άκόρεστ’
1116 964 1275 1048 ὀδυνάων,

365 1070 400 1141 δς
413 1070 541 1155 μεδέεις
555 1072 652 1155 γαίης
668 1069 733 1136 ὑπὸ
747 1068 918 1150 βένθεσιν,
934 1068 990 1135 οίά
1005 1070 1081 1137 ποτ’
1099 1068 1181 1143 εἶδες

363 1174 468 1257 ἤματι
483 1180 540 1265 τῷ,
557 1174 613 1241 ὅτε
628 1174 748 1261 πρῶτά
763 1199 803 1238 σε
820 1172 1007 1261 οίκιστῆρες
1024 1170 1145 1253 ἵκανον,

362 1278 507 1351 ἀκοντες·
532 1278 584 1345 τοὶ
598 1278 664 1364 γάρ
679 1278 786 1364 πάρος
801 1276 912 1364 αἰθέρι
928 1278 1144 1343 ναιετάεσκον

361 1383 489 1469 πατρὸς
504 1382 551 1449 ένὶ
565 1380 746 1467 μεγάροισι
762 1379 855 1459 θεῶν,
871 1379 1027 1459 νηπενθέῐ
1042 1379 1147 1465 θυμῷ,

362 1491 539 1573 παννῆμορ
553 1486 711 1570 μολπῇσι
724 1483 830 1567 μέγαν
845 1487 1002 1566 τιμῶντες
1017 1482 1154 1549 ἄνακτα.

362 1587 457 1653 ἀλλά
471 1591 577 1670 κακὴν
589 1587 774 1669 στήθεσσιν
789 1585 893 1653 ἔπειτ’
910 1586 977 1673 ἔρις
994 1586 1126 1671 ἔμβαλε
1139 1590 1239 1670 μῆτιν

362 1688 526 1775 δαίμονος,
543 1690 580 1759 δν
593 1691 679 1776 μετὰ
694 1696 802 1758 πᾶσιν
817 1688 973 1778 ἀρίζηλόν
988 1689 1062 1756 ποτ’
1080 1689 1197 1771 ἔθηκεν

363 1795 562 1880 οὖρανίωσιν
576 1796 672 1879 ἄναξ,
688 1796 779 1883 αὐτῷ
793 1821 833 1878 γε
847 1796 908 1879 μὲν
923 1795 983 1859 οὐκ
998 1795 1196 1873 ἀτάλαντον,

362 1898 401 1963 οὐ
418 1898 545 1979 σθένος,
560 1900 599 1965 οὐ
613 1901 721 1984 τιμήν·
746 1898 784 1964 τό
799 1898 834 1964 οἱ
847 1896 954 1964 οὐκέτ’
970 1897 1021 1986 ἀρ’
1036 1896 1152 1981 ἥνδανε
1169 1898 1270 1985 θυμῷ,

363 2002 444 2067 ἀλλ’
458 2004 625 2070 ἀπάνευθε
639 2002 720 2069 κιὼν
735 2002 823 2075 δίους
839 2004 1026 2069 ἐκάλεσσεν
1041 2002 1201 2091 ἑταίρους,

364 2102 399 2170 οἳ
411 2106 566 2193 τρίτατόν
579 2105 608 2194 ῥ’
625 2106 775 2190 ἐγένοντο
789 2107 890 2193 μέρος
905 2110 1051 2193 στρατοῦ
1067 2106 1241 2193 οὐρανίοιο·

362 2208 468 2292 ήλθον
484 2209 511 2277 δ’
526 2211 764 2299 ἀμφοτέρωθεν
778 2210 931 2281 ἀολλέες·
948 2210 1054 2296 αὐτὰρ
1071 2209 1123 2275 ἐπ’
1140 2211 1252 2281 αὐτοῖς

363 2314 487 2405 τεύχεα
501 2317 650 2405 χρυσείῳ
665 2315 748 2402 πυρὶ
762 2313 1009 2398 λαμπετόωντα
1024 2312 1142 2401 δεδήει·

364 2416 567 2506 εὐχετόωντο
583 2418 610 2485 δ’
625 2418 766 2490 ἄνακτος
782 2419 968 2499 ἐναντίβιον
982 2418 1200 2501 πολεμήσειν,

364 2521 489 2604 νήπιοι,
504 2521 572 2589 οὐδ’
589 2521 729 2604 ἐνόησαν
743 2521 813 2608 όσιρ
829 2522 888 2605 ὅγε
902 2520 1025 2592 παντὸς
1041 2520 1170 2608 ἀρείων.

365 2623 431 2690 οὐδ’
446 2624 495 2709 ὅγ’
510 2625 561 2714 ἄρ’
576 2626 743 2711 ἠγνοίησε·
768 2626 872 2713 φίλον
887 2624 914 2692 δ’
932 2623 1133 2693 ἐκαλέσσατ’
1150 2622 1286 2705 ὀπαδόν,

363 2728 540 2817 Μίχηλον,
556 2730 699 2817 φαιδρός
714 2729 910 2812 διακοσμεῖν
926 2728 997 2794 ὦκα
1012 2730 1194 2815 φάλαγγας

365 2830 533 2915 ὑσμίνηνδ
550 2834 642 2901 ι’έναι·
666 2833 684 2898 ὁ
701 2832 736 2899 δὲ
753 2832 994 2921 θωρήσσεσθαι
1010 2832 1147 2915 ἄνωγεν.

364 2930 400 2996 οί
412 2932 439 2998 δ’
455 2933 558 3002 ἔσταν
571 2936 772 3016 στίλβοντες
788 2935 823 3002 ἐν
838 2934 975 3015 ἔντεσιν,
994 2936 1037 3005 ὡς
1052 2934 1109 3001 ὅτε
1125 2932 1228 3001 δύνων

365 3036 478 3119 ἠέλιος
492 3042 655 3126 νεφέλῃσι
669 3042 743 3129 χέει
758 3040 864 3111 σέλας
881 3038 1104 3126 έσπερινῇσιν·

367 3140 454 3216 στάν
467 3140 504 3208 δὲ
518 3143 645 3231 πατρὸς
659 3143 888 3232 προπάροιθεν
904 3142 1070 3229 ἔῡπόργου
1084 3142 1255 3229 μεγάροιο,

367 3240 530 3328 δέγμενοι,
545 3246 675 3312 ὁππότε
689 3245 753 3334 πέρ
770 3250 853 3333 σφιν
864 3246 961 3332 ’Ἀρης
977 3245 1033 3313 ε’πὶ
1048 3244 1137 3327 δήιος
1151 3244 1257 3312 ἔλθοι.

434 3346 480 3413 Οί
494 3346 521 3412 δ’
537 3346 587 3437 ἄρ’
603 3348 821 3415 έπεσσεὺονθ
839 3348 922 3435 ὑπὲρ
939 3346 1044 3431 ἄγκεα
1058 3348 1228 3430 ποιήεντα,

367 3448 468 3536 οὔρεά
481 3476 519 3516 τε
533 3449 698 3531 σκιόεντα,
716 3452 773 3517 καὶ
788 3450 894 3518 ὕδατα
909 3451 1027 3517 πολλὰ
1041 3452 1159 3538 ῥοάων.

369 3554 404 3620 έν
419 3553 446 3617 δ’
462 3554 568 3642 ἀρχὸς
582 3554 651 3621 κίεν
665 3553 726 3641 ᾖσι
740 3554 950 3642 προθυμίῃσι
964 3554 1146 3635 πεποιθώς,

369 3659 416 3743 τῷ
431 3656 569 3747 Σατάνα
582 3657 643 3740 μὲν
658 3657 761 3724 ἔπειτ’
775 3656 867 3741 ὄνομ’
882 3658 933 3738 ἦν,
949 3658 986 3723 τὸ
1003 3656 1039 3723 δὲ
1052 3654 1201 3745 πρόσθεν
1216 3656 1367 3725 ἐνισπεῖν

366 3760 405 3825 οὐ
421 3760 525 3844 θέμις,
541 3759 616 3827 οὐδέ
632 3787 682 3833 τις
698 3760 767 3826 οἶδε
782 3760 1014 3849 χαμαιγενέων
1029 3760 1223 3848 ἀνθρώπων.

365 3862 410 3934 ὡς
425 3861 451 3928 δ’
466 3862 523 3929 ὅτε
538 3861 613 3946 κῦμ’
630 3862 795 3952 ἐπέχησιν
809 3864 977 3950 ἀτέρμονα
993 3867 1081 3930 νῶτα
1098 3863 1276 3944 θαλάσσης

363 3964 544 4055 ἐρχόμενον
557 3966 705 4050 πόντοιο,
719 3966 818 4050 μένος
833 3966 869 4033 δέ
884 3965 919 4032 οἱ
932 3966 993 4033 οὐκ
1009 3962 1187 4047 ἐπιεικτόν,
