3250 4692
554 422 737 472 SABRINAE
755 423 931 474 COROLLA.

575 811 734 884 Satanae
753 811 909 886 Militia.

240 1011 399 1074 Protenus
412 1010 453 1074 ad
467 1009 587 1073 lituum
601 1010 755 1094 strepitus
769 1009 950 1096 mixtosqve
965 1011 1116 1078 tubarum

241 1112 373 1176 Grande
388 1112 480 1176 iubet
494 1112 565 1175 tolli
581 1113 725 1196 signum:
751 1135 813 1198 qvo
829 1136 962 1177 munere
977 1114 1081 1178 celsus

239 1215 402 1300 Fungitur
415 1215 551 1293 Azazel‚
567 1216 761 1300 proprioque
775 1216 922 1300 superbit
935 1216 1067 1281 honore.

240 1316 311 1380 Nec
326 1340 414 1381 mora
428 1317 504 1403 qvin
519 1317 610 1380 hasta
623 1317 729 1401 regale
742 1317 867 1401 insigne
881 1341 1012 1382 corusca

241 1421 374 1484 Arduus
390 1419 576 1505 expandens
591 1419 736 1484 effundat
748 1420 782 1484 in
797 1422 935 1486 aetheris
949 1445 1051 1500 auras,

241 1521 318 1586 Non
334 1523 426 1587 aliter
441 1546 533 1608 qvam
550 1546 645 1609 qvom
660 1523 730 1587 diro
745 1523 842 1588 micat
858 1523 966 1589 omine
980 1525 1078 1604 sidus,

244 1624 411 1690 lntextum
425 1626 559 1710 gemmis
572 1626 724 1711 rutiliqve
738 1625 898 1690 nitoribus
912 1627 981 1690 auri

242 1727 330 1791 Hinc
345 1727 445 1807 illinc,
461 1729 621 1813 scutisqve
637 1729 733 1792 deum
749 1729 892 1813 caeliqve
906 1730 1057 1814 tropaeis.

240 1829 381 1894 Martius
394 1831 517 1894 interea
531 1831 655 1895 sonitus
670 1831 842 1895 crebrescit
856 1844 890 1898 et
903 1831 986 1895 aeris

242 1933 397 2018 Clangor:
421 1956 459 1997 eo
475 1933 613 2019 strepitu
628 1934 798 1998 clamorem
813 1934 976 1998 exercitus
991 1935 1095 2000 omnis

240 2035 376 2100 Excitat
388 2035 568 2112 infandum,
585 2057 646 2120 qvo
661 2035 804 2098 infernae
819 2058 957 2100 concava
970 2038 1064 2117 sedis,

242 2141 316 2208 Qvo
330 2139 434 2204 Chaos
448 2148 482 2202 et
495 2140 617 2224 priscae
632 2139 794 2224 trepidant
807 2140 987 2224 penetralia
1001 2141 1126 2209 Noctis.

243 2244 338 2307 Ilicet
353 2243 502 2308 obscuras
516 2243 652 2307 orientia
666 2243 741 2307 mile
756 2267 815 2329 per
829 2244 958 2307 umbras

243 2345 341 2430 Signa
355 2346 472 2424 fluunt,
489 2346 695 2429 tremulisque
711 2367 803 2409 auras
818 2345 1042 2432 splendoribus
1057 2347 1193 2434 inplent.

243 2448 330 2512 Silva
344 2448 456 2532 ingens
469 2447 632 2512 hastarum
646 2470 721 2525 una,
736 2448 908 2533 galeaeqve
922 2448 1117 2534 frequentes,

241 2549 472 2636 Inmensusqve
487 2551 592 2615 nitent
607 2561 702 2634 atqve
717 2550 960 2634 inpenetrabilis
975 2550 1064 2630 ordo,

242 2653 379 2717 Densati
395 2653 500 2737 clipei.
547 2651 631 2715 Mox
646 2652 750 2714 iustae
765 2651 838 2735 lege
852 2651 1020 2736 phalangis

241 2757 280 2821 In
296 2778 465 2820 numerum
480 2755 653 2818 incedunt:
677 2775 736 2818 nec
753 2753 835 2817 tibia
848 2753 951 2817 Doria
965 2764 1076 2833 cessat,

240 2859 312 2923 Nec
328 2857 440 2922 molles
455 2857 647 2920 calamorum
662 2855 797 2934 animae,
816 2855 904 2940 qveis
918 2855 1049 2941 spiritns
1062 2856 1177 2921 ardens

240 2962 389 3028 Heroum
404 2971 508 3025 tumet
522 2982 558 3023 ac
573 2960 661 3023 cordi
675 2959 794 3022 fiducia
809 2959 923 3023 crescit

239 3066 342 3130 Arma
357 3073 588 3148 capessentum.
626 3062 703 3127 Non
717 3062 767 3126 his
782 3061 1001 3127 concentubus
1014 3061 1072 3141 ira

239 3169 316 3234 Non
331 3168 422 3232 furor
437 3166 574 3244 elicitur,
591 3167 648 3230 sed
662 3165 748 3230 bello
762 3166 870 3229 vivida
882 3165 995 3243 virtus,

240 3272 306 3336 Sed
320 3271 411 3354 vigor
426 3279 560 3346 erectus,
576 3270 632 3332 sed
646 3291 736 3332 mens
751 3291 862 3332 secura
877 3268 1038 3346 timorum,

239 3375 443 3441 Contemtrix
457 3373 515 3436 leti
530 3372 719 3457 foedamqve
734 3393 833 3436 exosa
845 3370 1017 3455 repulsam.

240 3477 337 3556 Hinc,
355 3476 542 3563 qvandoqve
556 3476 644 3560 gravi
658 3475 780 3560 spirant
794 3474 963 3538 dulcedine
977 3474 1083 3554 flatus,

182 3579 185 3584 ’
240 3581 364 3646 Pallida
378 3581 546 3644 distractae
559 3579 672 3663 fugere
686 3579 844 3642 insomnia
858 3578 985 3656 mentis,

241 3685 406 3769 Curaeqve
422 3683 625 3768 ambiguiqve
640 3692 746 3746 metus
761 3696 794 3746 et
807 3681 916 3745 luctus
930 3692 964 3744 et
977 3703 1076 3768 angor

242 3785 437 3852 Mortalesve
453 3787 575 3851 animos
588 3785 811 3851 inmortalesve
826 3784 1021 3870 relinqvunt.

1147 3886 1186 3943 K.

715 4005 778 4049 GG
