3250 4692
573 450 757 499 susumus
776 450 951 501 COROLLA.

610 859 721 933 Astra
738 863 911 934 cadentia.

388 1024 551 1088 Infaustos
567 1026 690 1109 qvoties
705 1027 785 1090 strix
801 1027 918 1090 cecinit
932 1027 1053 1105 modos,

387 1127 489 1191 Fatali
505 1129 629 1212 quoties
644 1128 735 1193 Mors
749 1129 852 1192 secuit
866 1152 963 1193 manu

388 1228 481 1295 Quae
495 1229 546 1293 vel
560 1242 709 1294 texuerat
725 1230 839 1294 Gloria
852 1231 990 1308 vincula,

473 1333 537 1397 Vel
552 1345 687 1398 sacrarat
702 1334 805 1398 Amor
819 1334 903 1419 pius.

389 1536 463 1600 Sint
475 1547 588 1621 pacata
602 1537 716 1602 animis
730 1537 853 1601 somnia
867 1536 1034 1613 masculis;

388 1639 439 1702 Sit
453 1639 526 1704 fidis
541 1640 643 1704 oculis
656 1651 730 1725 post
743 1641 899 1704 lacrumas
915 1641 1022 1725 qvies;

385 1739 500 1804 Virtus
515 1741 665 1826 virgineis
678 1743 789 1806 iuncta
803 1743 973 1806 decoribus

472 1842 621 1907 Heroum
635 1845 675 1908 ad
690 1845 854 1909 tumulum
869 1856 986 1928 gemat.

386 2044 455 2109 Nos
470 2045 555 2110 inter
569 2049 703 2113 nebulas
717 2073 784 2114 sors
800 2050 877 2114 tulit
891 2050 1035 2113 horridas
1049 2075 1056 2112 :

386 2146 506 2212 Stellae
521 2161 595 2234 post
608 2150 685 2215 alias
700 2175 739 2215 en
754 2151 835 2215 aliae
851 2152 988 2231 cadunt3

386 2249 499 2334 Magni
514 2253 668 2338 qvidqvid
681 2265 749 2317 erat
764 2254 912 2331 nominis,
929 2263 987 2317 aut
1000 2253 1103 2316 facem

472 2353 653 2419 Praebebat
666 2355 799 2440 populo,
815 2356 909 2441 perit.

385 2557 500 2621 Tristis
514 2570 609 2643 gutta
623 2560 696 2623 fluit
710 2582 789 2644 qvae
805 2559 894 2622 dolet
907 2558 1019 2621 inritas

386 2661 467 2745 Spes
482 2673 538 2725 aut
551 2662 707 2725 laetitiam
722 2683 787 2724 non
802 2660 1033 2724 revocabilem:

388 2761 535 2825 Heroum
549 2762 590 2826 ad
605 2763 726 2826 cineres
740 2762 812 2825 fusa
828 2762 991 2825 decentior

474 2864 583 2928 Stillat
597 2865 707 2928 debita
720 2864 872 2928 lacrumo.

386 3069 555 3153 Fugerunt
569 3069 706 3153 speculis
720 3069 882 3154 lampades
897 3067 1064 3132 omnibus:

386 3169 444 3249 Te,
462 3183 591 3235 centum
606 3171 738 3236 celebris
753 3171 823 3234 dux
838 3170 923 3234 bone
937 3169 1076 3254 praeliis,

386 3273 496 3358 Teqve
512 3273 541 3338 Ο
557 3274 610 3338 cui
625 3273 718 3338 labiis
732 3273 832 3337 fluxit
845 3272 886 3335 ab
901 3273 1003 3357 igneis

472 3375 544 3439 Pax
559 3386 593 3439 et
607 3375 710 3439 libera
724 3374 864 3452 Veritas,

384 3581 508 3647 Ambos
522 3605 589 3646 nox
603 3583 739 3668 premit:
761 3593 795 3645 at
809 3581 887 3645 dum
902 3581 990 3666 viget
1003 3579 1126 3644 incluta

385 3684 509 3764 Virtus,
527 3684 603 3748 dum
619 3685 727 3750 Pietas
743 3685 859 3748 Martis
873 3707 954 3770 opus
968 3683 1066 3760 dolet,

386 3787 459 3854 Qvo
474 3789 571 3851 vitam
587 3789 739 3852 eximiam
754 3787 869 3850 funere
885 3787 1056 3851 clauserint

474 3889 610 3954 Nativae
626 3891 770 3955 recinent
783 3890 882 3974 lyrae.

1067 3990 1106 4048 H.
1120 3989 1149 4046 J.
1162 3989 1201 4046 Η.

1219 454 1264 500 241
