3250 4692
561 429 745 478 SABRINAE
763 428 941 479 COROLLA.
1203 427 1250 475 269

595 665 716 741 Deum
733 668 887 740 laudate.

289 816 380 879 Aerii
394 816 556 897 humores,
572 818 668 882 terrai
682 819 814 903 spiritus
829 819 922 896 udae,

289 918 355 985 Qvi
369 920 504 983 sudante
519 920 591 983 lacu
605 921 656 983 vel
670 920 795 1005 sqvosis
810 921 947 985 collibus
962 922 1024 985 orti

288 1020 386 1086 Nunc
400 1023 620 1107 ferrugineum
633 1023 825 1087 submittitis
840 1046 923 1102 sera,
940 1024 1040 1089 donec

288 1124 419 1189 Vellera
434 1126 491 1189 Sol
507 1138 653 1191 extrema
667 1148 726 1189 suo
741 1124 936 1210 pertinxerit
950 1150 1039 1203 auro,

288 1227 357 1290 Vos
370 1248 477 1291 rerum
495 1227 621 1291 Artifici
636 1227 701 1291 iam
715 1228 895 1311 adsurgite:
920 1229 985 1292 sive
998 1229 1140 1292 colorum

290 1328 412 1393 Purum
428 1329 492 1393 fert
505 1329 630 1393 animus
645 1328 773 1393 nebulis
787 1328 934 1395 inludere
950 1330 1084 1408 caelum,

289 1431 364 1494 Sive
379 1431 511 1495 cadente
526 1430 630 1495 solum
645 1429 793 1495 bibulum
810 1453 1019 1518 conspergere
1033 1456 1115 1508 rore,

289 1533 465 1616 Surgentes
480 1532 609 1597 laudate
624 1533 744 1611 Deum,
759 1533 890 1598 laudate
905 1535 1063 1599 cadentes.

287 1634 449 1701 Qvattuor
464 1634 583 1698 effusae
597 1635 710 1698 mundi
724 1634 910 1718 regionibus
924 1657 1030 1713 surae,

289 1736 386 1800 Nunc
400 1736 549 1814 humiles,
565 1759 651 1799 nunc
665 1737 831 1815 admissae,
844 1737 1015 1822 praeconis
1029 1736 1163 1801 laudum

288 1837 461 1923 Adspirate
477 1838 559 1902 Deo.
605 1838 779 1902 Deflectite
795 1838 945 1917 culmina,
958 1840 1064 1925 pinus,

287 1940 382 2004 More
396 1940 603 2019 salutantum,
620 1955 654 2005 et
666 1942 849 2027 plantarum
869 1942 1022 2028 qvidqvid
1038 1944 1156 2029 ubiqve
1172 1956 1230 2007 est.

288 2043 447 2123 Flumina,
464 2066 543 2130 qvae
557 2067 660 2129 prono
675 2044 817 2131 strepitis
832 2067 1001 2109 numerosa
1014 2044 1148 2131 liqvore,

286 2146 508 2231 Lympharum
522 2147 663 2210 numeris
678 2147 746 2211 dias
759 2146 899 2211 intexite
913 2148 1036 2213 laudes.

289 2249 406 2327 Unam,
422 2250 494 2313 viva
508 2250 621 2314 cohors
635 2251 825 2328 animarum,
840 2251 945 2315 tollite
961 2273 1082 2315 vocem.

287 2352 462 2416 Aetherias
475 2351 631 2429 volucres,
649 2352 763 2437 qvibus
778 2374 879 2437 usqve
894 2353 1082 2416 canentibus
1097 2352 1164 2415 itur

288 2454 343 2517 Ad
357 2464 482 2539 portam
497 2453 587 2531 caeli,
603 2455 780 2539 pennisque
795 2464 830 2517 et
842 2464 975 2537 gutture
991 2454 1101 2517 laudes

288 2558 384 2621 Ferte
399 2558 482 2622 Deo,
529 2558 645 2621 Testor
659 2579 725 2635 vos,
741 2580 821 2642 qvae
836 2580 922 2621 mure
938 2557 1076 2634 curritis,
1093 2567 1126 2620 et
1140 2578 1220 2642 qvae

288 2659 436 2723 Adsiduo
452 2669 568 2722 terram
584 2658 687 2721 teritis
700 2658 793 2743 pede,
810 2659 876 2722 sive
891 2659 1032 2744 superbo

288 2761 475 2825 Incedentia
489 2762 555 2824 sive
570 2760 684 2824 humili
699 2760 860 2844 reptantia
873 2784 1002 2845 gressu3

288 2863 359 2927 Nec
372 2863 521 2927 veniente
537 2863 589 2926 die
604 2885 661 2925 nec
677 2862 853 2927 decedente
868 2862 969 2927 silebo

287 2966 376 3033 Qvin
390 2966 521 3029 doceam
535 2964 693 3050 vallesque
709 2986 799 3029 cavas
813 2965 973 3050 clivosqve
988 2967 1141 3031 cubantes

290 3069 490 3154 Umbrasqve
505 3068 685 3153 fluviosque
701 3068 809 3132 Deum
824 3068 954 3132 laudare
970 3070 1121 3134 canendo.

1060 3182 1093 3239 T.
1110 3183 1138 3241 S.
1154 3184 1187 3240 E.

676 3278 816 3288 ..-

552 3417 668 3491 Aedes
689 3408 930 3491 Parachiales.

284 3588 375 3653 Haec
389 3588 451 3652 tibi
465 3588 491 3652 si
506 3588 595 3652 cordi
609 3598 668 3666 est,
685 3588 738 3673 qvi
753 3609 839 3650 nunc
854 3609 925 3650 mea
940 3587 1049 3651 munia
1063 3608 1163 3663 curas,

330 3693 510 3756 Sumtubus
523 3691 611 3755 haud
625 3690 762 3775 propriis
775 3690 942 3754 aedificata
957 3691 1081 3765 domus,

285 3794 338 3858 Da
352 3804 388 3857 tu
403 3794 601 3880 pauperibus
615 3804 705 3857 tanto
719 3794 794 3879 plus
808 3794 877 3878 ipse
892 3793 1045 3877 Deoqve:

330 3895 384 3959 Sic
400 3896 523 3979 poterit
536 3906 644 3960 noster
659 3918 723 3958 non
737 3896 868 3981 periisse
883 3895 983 3959 labor.

1151 3998 1187 4054 K.
