3250 4692
578 432 760 481 SABRINAE
779 432 955 483 COROLLA.

309 598 355 661 At
369 598 490 662 luctata
504 609 612 663 tamen
626 599 733 683 fragili
749 622 823 664 cum
839 599 912 663 luce
926 602 1068 686 procella

351 708 480 773 Litibus
494 709 528 773 in
542 710 656 773 mediis
670 711 715 775 sic
731 711 810 774 mihi
825 711 893 775 visa
906 711 1011 797 loqvi:

309 818 385 883 Vita
399 820 504 884 virum
519 819 598 885 tales
611 819 696 884 inter
710 822 829 885 iactata
842 822 1003 887 tumultus

354 930 521 999 Fluctuat:
544 932 732 1018 impendens
747 933 824 1019 qvid
837 933 921 999 ferat
934 934 1023 1015 hora,
1038 935 1127 1001 latet.

1127 1049 1161 1107 G.
1176 1050 1210 1106 B.

627 1528 723 1600 Puer
740 1539 773 1599 et
794 1525 905 1601 Rosa.

395 1765 562 1828 Terminos
577 1774 671 1827 extra
684 1785 823 1847 puerum
838 1774 1006 1847 vagantem

396 1866 541 1931 Perculit
554 1866 671 1930 florens
685 1887 775 1928 rosa:
799 1865 870 1929 risit
884 1888 948 1943 aer,

394 1969 440 2034 Et
453 1992 535 2055 puer
548 1968 629 2046 risit,
647 1968 811 2053 teneriqve
825 1967 913 2031 floris

653 2069 745 2133 Arsit
758 2092 876 2134 amore.

480 2173 568 2237 Rosa
583 2172 711 2251 tenella,
727 2196 855 2256 gemma
866 2184 982 2253 amata,

480 2276 568 2340 Rosa
581 2274 758 2361 propinqva
773 2297 849 2360 sepe
864 2284 948 2339 nata.

396 2564 443 2629 Te
458 2574 517 2629 tuo
531 2562 658 2639 vellum,
674 2585 745 2627 rosa
759 2562 881 2648 pulcra,
898 2585 996 2640 ramo,

395 2668 530 2732 Clamat.
572 2666 732 2743 Audaces,
748 2666 794 2729 ait
807 2664 874 2742 illa,
889 2665 1012 2749 palmas

395 2770 545 2848 Abstine,
561 2768 661 2853 spinis
674 2767 841 2831 lacerande
856 2766 972 2831 nostris

654 2870 766 2934 Invide
781 2870 910 2955 praedo.

480 2978 569 3042 Rosa
582 2974 709 3053 tenella,
726 2996 853 3059 gemma
866 2984 980 3051 amata,

480 3080 570 3145 Rosa
581 3076 761 3163 propinqva
774 3098 851 3160 sepe
865 3088 950 3140 nata.

397 3372 457 3437 Ille
471 3370 517 3435 nil
531 3370 629 3437 instat
642 3377 790 3433 metuens
804 3365 937 3453 pericli3

397 3474 459 3539 Illa
472 3474 614 3537 luctatur
628 3471 814 3555 gemituqve
829 3491 911 3531 vano

396 3577 509 3640 Plorat
522 3574 658 3649 infelix3
683 3594 744 3656 ope
760 3571 948 3635 destitutam

656 3675 812 3738 Subsecat
825 3672 935 3736 hostis·

483 3780 572 3844 Rosa
585 3776 719 3855 misella,
735 3798 862 3861 gemma
875 3784 990 3851 amata,

485 3883 573 3947 Rosa
587 3880 726 3963 maligna
740 3880 811 3942 luce
826 3888 911 3941 nata.
