3250 4692
559 435 743 486 SABRINAE
762 437 937 486 COROLLA.
1222 439 1253 486 39

289 606 394 671 Indue
409 603 582 683 caeruleos,
599 604 710 668 aether
723 603 926 682 nitidissime,
942 603 1035 682 risus,

332 708 377 772 Et
391 709 434 773 sit
448 707 553 772 adhuc
567 706 671 786 vultu,
689 728 752 792 qvo
765 706 833 770 fuit
846 718 932 784 ente,
947 706 1042 791 polus
1056 733 1063 784 3

289 811 405 875 Vester
418 833 477 895 ego
493 810 636 895 qvamvis
650 821 773 873 vestrae
788 808 968 873 dulcedinis
982 832 1093 874 exsors

332 914 517 1000 Conqveror
531 913 666 979 obiectis
680 912 899 997 inmoriorque
913 910 1015 976 fretis.

1102 1017 1190 1075 Em

635 1159 853 1168 —.-—-——-

547 1349 787 1448 Exspectatua
804 1350 948 1425 Amans.

248 1538 319 1603 Hos
332 1559 445 1623 precor
458 1536 616 1602 infaustos
630 1559 794 1623 nunqvam
807 1537 900 1602 cadat
912 1537 1016 1600 imber
1029 1536 1063 1600 in
1078 1560 1180 1621 agros,

290 1640 361 1705 Nec
375 1651 502 1704 teneros
516 1640 611 1704 flores
625 1639 770 1704 roscidus
783 1638 901 1704 humor
916 1639 999 1703 alat:

247 1741 394 1828 Namqve
409 1764 499 1806 amor
512 1741 645 1825 indigna
660 1764 751 1805 meus
766 1751 816 1806 est
829 1741 881 1806 hic
897 1751 1000 1806 morte
1014 1753 1187 1827 peremtus,

289 1843 355 1909 Hic
371 1843 498 1921 cecidit,
516 1854 667 1929 tanqvem
678 1864 744 1906 non
758 1865 850 1908 meus
865 1853 949 1907 esset
963 1865 1061 1908 amor.

248 2049 296 2116 Ut
308 2050 391 2115 male
406 2072 477 2114 sum
492 2048 619 2128 laetata,
637 2050 689 2113 die
703 2060 896 2135 properante
911 2048 1057 2113 sinistro!

291 2151 338 2216 Ut
353 2151 464 2229 cecini,
481 2151 624 2215 numeris
638 2151 851 2236 adsonuitqve
866 2154 998 2215 nemus!

249 2257 313 2322 Sed
327 2279 396 2320 nox
411 2255 552 2319 multum
566 2255 687 2332 aberat,
704 2277 905 2340 puerumqve
919 2254 1060 2319 volatilis
1073 2254 1165 2320 hasta

291 2357 473 2434 Straverat3
498 2366 532 2420 et
544 2356 636 2420 luctu
651 2378 755 2420 mersa
769 2356 932 2442 relinqvor
947 2378 1018 2442 ego.

249 2564 311 2629 Ast
325 2563 421 2648 agite,
439 2562 469 2627 O
485 2563 627 2640 comites,
643 2561 802 2646 genialem
817 2563 951 2626 sternite
964 2562 1106 2640 lectum;

292 2668 443 2732 Membra
457 2665 636 2730 maritalem
651 2665 784 2729 sindona
797 2667 860 2730 rite
874 2675 1032 2751 premant.

249 2768 411 2833 Festinate
425 2768 511 2832 fores
526 2767 658 2833 thalami
671 2790 823 2846 reserare,
839 2768 985 2854 puellae3

291 2870 508 2957 Exspectatus
522 2872 623 2950 adest,
638 2870 840 2955 ingrediatur
854 2895 973 2936 amans.

250 3077 331 3144 Qvis
344 3087 452 3140 tamen
466 3088 516 3141 est
528 3077 581 3142 hic
596 3101 742 3164 sponsus,
758 3078 811 3142 hic
826 3088 1033 3163 exspectatus
1047 3085 1192 3145 amatar?

293 3179 400 3252 Fallor
414 3202 455 3243 an
471 3179 571 3244 effusa
586 3180 719 3245 dextera
734 3181 830 3245 caede
843 3180 976 3244 madet?

251 3282 342 3349 Qvae
358 3281 454 3346 simul
470 3282 624 3367 exsangvi
638 3284 734 3348 iuxta
748 3282 838 3348 venit
851 3283 966 3348 umbra
978 3284 1106 3369 figura?

293 3383 384 3449 Palla
397 3383 542 3450 humeris
556 3385 650 3450 nivea
664 3396 723 3465 est,
739 3397 809 3451 ater
823 3386 858 3450 in
873 3409 928 3450 ore
943 3408 1046 3453 cruor.

252 3587 375 3652 Palleat
389 3588 430 3652 ah
447 3589 600 3674 qvamvis,
615 3589 679 3653 huc
694 3611 750 3654 vos
765 3590 917 3676 deponite
933 3613 1068 3676 corpus3

295 3691 478 3756 Sustineam
493 3693 576 3757 collo
591 3692 709 3778 ffigida
724 3693 805 3758 colla
819 3716 910 3758 meo:

251 3792 370 3878 Meqve
386 3817 459 3858 meo
474 3795 570 3859 simul
587 3806 701 3859 ornatu
717 3796 853 3882 spoliate
868 3796 987 3880 iugali3

294 3895 394 3960 Laeta
407 3918 521 3982 parum
536 3897 625 3961 frons
641 3906 708 3976 est3
730 3897 812 3961 hanc
827 3907 916 3981 tegat
929 3908 1005 3983 epta
1019 3899 1112 3962 salix.

335 4021 338 4028 ·
1007 3997 1197 4057 HAdM
