<?xml version="1.0" encoding="UTF-8"?>
<!DOCTYPE html PUBLIC "-//W3C//DTD XHTML 1.0 Transitional//EN"
    "http://www.w3.org/TR/xhtml1/DTD/xhtml1-transitional.dtd">
<html xmlns="http://www.w3.org/1999/xhtml" xml:lang="en" lang="en">
 <head>
  <title>
</title>
<meta http-equiv="Content-Type" content="text/html;charset=utf-8" />
  <meta name='ocr-system' content='tesseract 3.04.00' />
  <meta name='ocr-capabilities' content='ocr_page ocr_carea ocr_par ocr_line ocrx_word'/>
</head>
<body>
  <div class='ocr_page' id='page_1' title='image "./sabrinaecorolla00shrgoog_0324.png"; bbox 0 0 3250 4692; ppageno 0'>
   <div class='ocr_carea' id='block_1_1' title="bbox 358 397 408 445">
    <p class='ocr_par' dir='ltr' id='par_1_1' title="bbox 358 397 408 445">
     <span class='ocr_line' id='line_1_1' title="bbox 358 397 408 445; baseline 0 0"><span class='ocrx_word' id='word_1_1' title='bbox 358 397 408 445; x_wconf 79' lang='lat'><strong>29⁰</strong></span> 
     </span>
    </p>
   </div>
   <div class='ocr_carea' id='block_1_2' title="bbox 673 395 1051 447">
    <p class='ocr_par' dir='ltr' id='par_1_2' title="bbox 673 395 1051 447">
     <span class='ocr_line' id='line_1_2' title="bbox 673 395 1051 447; baseline 0.008 -3"><span class='ocrx_word' id='word_1_2' title='bbox 673 395 857 445; x_wconf 65' lang='lat' dir='ltr'><strong>susumus</strong></span> <span class='ocrx_word' id='word_1_3' title='bbox 875 395 1051 447; x_wconf 82' lang='lat' dir='ltr'><strong>COROLLA.</strong></span> 
     </span>
    </p>
   </div>
   <div class='ocr_carea' id='block_1_3' title="bbox 627 807 1097 908">
    <p class='ocr_par' dir='ltr' id='par_1_3' title="bbox 627 807 1097 908">
     <span class='ocr_line' id='line_1_3' title="bbox 627 807 1097 908; baseline 0 -25"><span class='ocrx_word' id='word_1_4' title='bbox 627 807 816 883; x_wconf 82' lang='lat' dir='ltr'><em>Hannibal</em></span> <span class='ocrx_word' id='word_1_5' title='bbox 829 810 959 885; x_wconf 81' lang='lat' dir='ltr'><strong>transit</strong></span> <span class='ocrx_word' id='word_1_6' title='bbox 975 808 1097 908; x_wconf 84' lang='lat' dir='ltr'><strong>Alpes.</strong></span> 
     </span>
    </p>
   </div>
   <div class='ocr_carea' id='block_1_4' title="bbox 490 989 1140 1388">
    <p class='ocr_par' dir='ltr' id='par_1_4' title="bbox 490 989 1140 1388">
     <span class='ocr_line' id='line_1_4' title="bbox 490 989 1140 1077; baseline 0 -20"><span class='ocrx_word' id='word_1_7' title='bbox 490 989 545 1057; x_wconf 80' lang='lat' dir='ltr'><strong>An</strong></span> <span class='ocrx_word' id='word_1_8' title='bbox 558 993 603 1058; x_wconf 90' lang='lat' dir='ltr'><strong>sic</strong></span> <span class='ocrx_word' id='word_1_9' title='bbox 617 994 760 1073; x_wconf 89' lang='lat' dir='ltr'><strong>moraris,</strong></span> <span class='ocrx_word' id='word_1_10' title='bbox 775 994 892 1058; x_wconf 77' lang='lat' dir='ltr'><strong>miles?</strong></span> <span class='ocrx_word' id='word_1_11' title='bbox 935 993 1008 1077; x_wconf 85' lang='lat' dir='ltr'><strong>Age</strong></span> <span class='ocrx_word' id='word_1_12' title='bbox 1023 992 1140 1057; x_wconf 89' lang='lat' dir='ltr'><strong>arduos</strong></span> 
     </span>
     <span class='ocr_line' id='line_1_5' title="bbox 490 1095 1076 1183; baseline -0.002 -23"><span class='ocrx_word' id='word_1_13' title='bbox 490 1095 606 1160; x_wconf 81' lang='lat' dir='ltr'><strong>Passus</strong></span> <span class='ocrx_word' id='word_1_14' title='bbox 619 1096 753 1175; x_wconf 86' lang='lat' dir='ltr'><strong>labores,</strong></span> <span class='ocrx_word' id='word_1_15' title='bbox 766 1119 864 1182; x_wconf 85' lang='lat' dir='ltr'>perge</span> <span class='ocrx_word' id='word_1_16' title='bbox 878 1097 947 1183; x_wconf 89' lang='lat' dir='ltr'><strong>pati</strong></span> <span class='ocrx_word' id='word_1_17' title='bbox 964 1098 1076 1180; x_wconf 90' lang='lat' dir='ltr'><strong>(timor</strong></span> 
     </span>
     <span class='ocr_line' id='line_1_6' title="bbox 553 1198 1027 1285; baseline 0.002 -23"><span class='ocrx_word' id='word_1_18' title='bbox 553 1198 704 1264; x_wconf 74' lang='lat' dir='ltr'><strong>Testatur</strong></span> <span class='ocrx_word' id='word_1_19' title='bbox 717 1200 859 1284; x_wconf 85' lang='lat' dir='ltr'><strong>ignavos)</strong></span> <span class='ocrx_word' id='word_1_20' title='bbox 877 1200 1027 1285; x_wconf 74' lang='lat' dir='ltr'><strong>novisque</strong></span> 
     </span>
     <span class='ocr_line' id='line_1_7' title="bbox 620 1300 1119 1388; baseline 0.002 -23"><span class='ocrx_word' id='word_1_21' title='bbox 620 1302 718 1365; x_wconf 90' lang='lat' dir='ltr'><strong>Sume</strong></span> <span class='ocrx_word' id='word_1_22' title='bbox 732 1324 831 1367; x_wconf 80' lang='lat' dir='ltr'><strong>novos</strong></span> <span class='ocrx_word' id='word_1_23' title='bbox 845 1302 967 1367; x_wconf 90' lang='lat' dir='ltr'><strong>animos</strong></span> <span class='ocrx_word' id='word_1_24' title='bbox 980 1300 1119 1388; x_wconf 87' lang='lat' dir='ltr'><strong>periclis.</strong></span> 
     </span>
    </p>
   </div>
   <div class='ocr_carea' id='block_1_5' title="bbox 488 1523 1189 1907">
    <p class='ocr_par' dir='ltr' id='par_1_5' title="bbox 488 1523 1189 1907">
     <span class='ocr_line' id='line_1_8' title="bbox 489 1523 1120 1609; baseline -0.005 -20"><span class='ocrx_word' id='word_1_25' title='bbox 489 1524 696 1609; x_wconf 82' lang='lat' dir='ltr'><strong>Praegressus</strong></span> <span class='ocrx_word' id='word_1_26' title='bbox 709 1525 783 1590; x_wconf 87' lang='lat' dir='ltr'><strong>ibo:</strong></span> <span class='ocrx_word' id='word_1_27' title='bbox 806 1547 872 1589; x_wconf 87' lang='lat' dir='ltr'><strong>non</strong></span> <span class='ocrx_word' id='word_1_28' title='bbox 888 1547 948 1608; x_wconf 88' lang='lat' dir='ltr'><strong>ego</strong></span> <span class='ocrx_word' id='word_1_29' title='bbox 961 1523 1120 1609; x_wconf 89' lang='lat' dir='ltr'><strong>perfidum</strong></span> 
     </span>
     <span class='ocr_line' id='line_1_9' title="bbox 488 1625 1189 1712; baseline -0.004 -21"><span class='ocrx_word' id='word_1_30' title='bbox 488 1626 572 1691; x_wconf 88' lang='lat' dir='ltr'><strong>Dixi</strong></span> <span class='ocrx_word' id='word_1_31' title='bbox 585 1638 835 1692; x_wconf 86' lang='lat' dir='ltr'><strong>sacramentum:</strong></span> <span class='ocrx_word' id='word_1_32' title='bbox 860 1627 1014 1712; x_wconf 85' lang='lat' dir='ltr'><strong>inseqvar‚</strong></span> <span class='ocrx_word' id='word_1_33' title='bbox 1030 1625 1189 1711; x_wconf 86' lang='lat' dir='ltr'><strong>inseqvar,</strong></span> 
     </span>
     <span class='ocr_line' id='line_1_10' title="bbox 553 1724 1060 1810; baseline -0.008 -19"><span class='ocrx_word' id='word_1_34' title='bbox 553 1726 720 1810; x_wconf 79' lang='lat' dir='ltr'><strong>Patrisqre</strong></span> <span class='ocrx_word' id='word_1_35' title='bbox 733 1737 768 1789; x_wconf 90' lang='lat' dir='ltr'><strong>et</strong></span> <span class='ocrx_word' id='word_1_36' title='bbox 781 1724 890 1789; x_wconf 83' lang='lat' dir='ltr'><strong>altaris</strong></span> <span class='ocrx_word' id='word_1_37' title='bbox 906 1725 1060 1810; x_wconf 76' lang='lat' dir='ltr'><strong>dataeque</strong></span> 
     </span>
     <span class='ocr_line' id='line_1_11' title="bbox 617 1825 1106 1907; baseline -0.006 -15"><span class='ocrx_word' id='word_1_38' title='bbox 617 1828 697 1892; x_wconf 84' lang='lat' dir='ltr'>Rite</span> <span class='ocrx_word' id='word_1_39' title='bbox 712 1850 835 1892; x_wconf 88' lang='lat' dir='ltr'><strong>memor</strong></span> <span class='ocrx_word' id='word_1_40' title='bbox 849 1827 937 1907; x_wconf 86' lang='lat' dir='ltr'><strong>fidei,</strong></span> <span class='ocrx_word' id='word_1_41' title='bbox 954 1825 1106 1894; x_wconf 80' lang='lat' dir='ltr'><strong>Qvirites.</strong></span> 
     </span>
    </p>
   </div>
   <div class='ocr_carea' id='block_1_6' title="bbox 487 2048 1166 2442">
    <p class='ocr_par' dir='ltr' id='par_1_6' title="bbox 487 2048 1166 2442">
     <span class='ocr_line' id='line_1_12' title="bbox 487 2048 1094 2115; baseline -0.005 -1"><span class='ocrx_word' id='word_1_42' title='bbox 487 2050 542 2114; x_wconf 89' lang='lat' dir='ltr'><strong>Sic</strong></span> <span class='ocrx_word' id='word_1_43' title='bbox 557 2050 672 2114; x_wconf 85' lang='lat' dir='ltr'><strong>clamat</strong></span> <span class='ocrx_word' id='word_1_44' title='bbox 686 2060 782 2114; x_wconf 85' lang='lat' dir='ltr'><strong>atrox</strong></span> <span class='ocrx_word' id='word_1_45' title='bbox 797 2048 964 2115; x_wconf 87' lang='lat' dir='ltr'><strong>Hannibal</strong></span> <span class='ocrx_word' id='word_1_46' title='bbox 979 2049 1094 2113; x_wconf 85' lang='lat' dir='ltr'><strong>struit</strong></span> 
     </span>
     <span class='ocr_line' id='line_1_13' title="bbox 487 2150 1068 2237; baseline -0.003 -21"><span class='ocrx_word' id='word_1_47' title='bbox 487 2152 643 2217; x_wconf 85' lang='lat' dir='ltr'><strong>Ardentis</strong></span> <span class='ocrx_word' id='word_1_48' title='bbox 656 2153 756 2216; x_wconf 86' lang='lat' dir='ltr'><strong>instar</strong></span> <span class='ocrx_word' id='word_1_49' title='bbox 769 2152 916 2216; x_wconf 88' lang='lat' dir='ltr'><strong>fulminis</strong></span> <span class='ocrx_word' id='word_1_50' title='bbox 932 2150 1068 2237; x_wconf 87' lang='lat' dir='ltr'><strong>Alpium</strong></span> 
     </span>
     <span class='ocr_line' id='line_1_14' title="bbox 550 2253 1079 2339; baseline -0.004 -21"><span class='ocrx_word' id='word_1_51' title='bbox 550 2254 615 2318; x_wconf 89' lang='lat' dir='ltr'><strong>Per</strong></span> <span class='ocrx_word' id='word_1_52' title='bbox 628 2275 763 2334; x_wconf 85' lang='lat' dir='ltr'><strong>summa,</strong></span> <span class='ocrx_word' id='word_1_53' title='bbox 778 2254 1000 2339; x_wconf 69' lang='lat' dir='ltr'><strong>subiectasque</strong></span> <span class='ocrx_word' id='word_1_54' title='bbox 1014 2253 1079 2317; x_wconf 86' lang='lat' dir='ltr'><strong>late</strong></span> 
     </span>
     <span class='ocr_line' id='line_1_15' title="bbox 615 2354 1166 2442; baseline -0.002 -23"><span class='ocrx_word' id='word_1_55' title='bbox 615 2356 748 2441; x_wconf 80' lang='lat' dir='ltr'><strong>Spernit</strong></span> <span class='ocrx_word' id='word_1_56' title='bbox 762 2379 859 2420; x_wconf 83' lang='lat' dir='ltr'><strong>ovans</strong></span> <span class='ocrx_word' id='word_1_57' title='bbox 872 2356 1011 2441; x_wconf 85' lang='lat' dir='ltr'><strong>pedibus</strong></span> <span class='ocrx_word' id='word_1_58' title='bbox 1023 2354 1166 2442; x_wconf 78' lang='lat' dir='ltr'><strong>pruinas,</strong></span> 
     </span>
    </p>
   </div>
   <div class='ocr_carea' id='block_1_7' title="bbox 486 2575 1100 2949">
    <p class='ocr_par' dir='ltr' id='par_1_7' title="bbox 486 2575 1084 2866">
     <span class='ocr_line' id='line_1_16' title="bbox 486 2575 1053 2660; baseline 0.004 -21"><span class='ocrx_word' id='word_1_59' title='bbox 486 2575 535 2639; x_wconf 90' lang='lat' dir='ltr'><strong>Et</strong></span> <span class='ocrx_word' id='word_1_60' title='bbox 547 2584 612 2640; x_wconf 89' lang='lat' dir='ltr'><strong>stat</strong></span> <span class='ocrx_word' id='word_1_61' title='bbox 625 2575 740 2660; x_wconf 81' lang='lat' dir='ltr'><strong>gelatis</strong></span> <span class='ocrx_word' id='word_1_62' title='bbox 753 2577 855 2641; x_wconf 87' lang='lat' dir='ltr'><strong>victor</strong></span> <span class='ocrx_word' id='word_1_63' title='bbox 868 2576 901 2639; x_wconf 90' lang='lat' dir='ltr'><strong>in</strong></span> <span class='ocrx_word' id='word_1_64' title='bbox 917 2576 1053 2641; x_wconf 84' lang='lat' dir='ltr'><strong>arcibus.</strong></span> 
     </span>
     <span class='ocr_line' id='line_1_17' title="bbox 486 2676 1084 2743; baseline 0 -2"><span class='ocrx_word' id='word_1_65' title='bbox 486 2676 586 2742; x_wconf 91' lang='lat' dir='ltr'><strong>Illum</strong></span> <span class='ocrx_word' id='word_1_66' title='bbox 600 2678 635 2741; x_wconf 93' lang='lat' dir='ltr'><strong>in</strong></span> <span class='ocrx_word' id='word_1_67' title='bbox 648 2678 766 2743; x_wconf 88' lang='lat' dir='ltr'><strong>nivosis</strong></span> <span class='ocrx_word' id='word_1_68' title='bbox 779 2677 923 2743; x_wconf 89' lang='lat' dir='ltr'><strong>nubibus</strong></span> <span class='ocrx_word' id='word_1_69' title='bbox 938 2678 1084 2743; x_wconf 87' lang='lat' dir='ltr'><strong>abditum</strong></span> 
     </span>
     <span class='ocr_line' id='line_1_18' title="bbox 551 2780 1022 2866; baseline 0 -21"><span class='ocrx_word' id='word_1_70' title='bbox 551 2780 704 2866; x_wconf 82' lang='lat' dir='ltr'><strong>Interqve</strong></span> <span class='ocrx_word' id='word_1_71' title='bbox 719 2792 887 2845; x_wconf 87' lang='lat' dir='ltr'><strong>concretos</strong></span> <span class='ocrx_word' id='word_1_72' title='bbox 900 2781 1022 2865; x_wconf 76' lang='lat' dir='ltr'><strong>rigores</strong></span> 
     </span>
    </p>

    <p class='ocr_par' dir='ltr' id='par_1_8' title="bbox 615 2882 1100 2949">
     <span class='ocr_line' id='line_1_19' title="bbox 615 2882 1100 2949; baseline -0.006 0"><span class='ocrx_word' id='word_1_73' title='bbox 615 2883 750 2949; x_wconf 84' lang='lat' dir='ltr'><strong>Viribus</strong></span> <span class='ocrx_word' id='word_1_74' title='bbox 764 2882 937 2948; x_wconf 83' lang='lat' dir='ltr'><strong>Herculeis</strong></span> <span class='ocrx_word' id='word_1_75' title='bbox 951 2893 1100 2947; x_wconf 84' lang='lat' dir='ltr'><strong>ruentem</strong></span> 
     </span>
    </p>
   </div>
   <div class='ocr_carea' id='block_1_8' title="bbox 486 3102 1142 3492">
    <p class='ocr_par' dir='ltr' id='par_1_9' title="bbox 486 3102 1142 3492">
     <span class='ocr_line' id='line_1_20' title="bbox 486 3102 1051 3189; baseline 0.002 -23"><span class='ocrx_word' id='word_1_76' title='bbox 486 3102 652 3188; x_wconf 88' lang='lat' dir='ltr'><strong>Stupescit</strong></span> <span class='ocrx_word' id='word_1_77' title='bbox 664 3102 749 3167; x_wconf 85' lang='lat' dir='ltr'><strong>infra</strong></span> <span class='ocrx_word' id='word_1_78' title='bbox 761 3104 865 3183; x_wconf 90' lang='lat' dir='ltr'><strong>miles,</strong></span> <span class='ocrx_word' id='word_1_79' title='bbox 881 3114 915 3169; x_wconf 91' lang='lat' dir='ltr'><strong>et</strong></span> <span class='ocrx_word' id='word_1_80' title='bbox 928 3104 1051 3189; x_wconf 85' lang='lat' dir='ltr'><strong>inseqvi</strong></span> 
     </span>
     <span class='ocr_line' id='line_1_21' title="bbox 487 3204 1070 3291; baseline 0.005 -23"><span class='ocrx_word' id='word_1_81' title='bbox 487 3204 603 3269; x_wconf 85' lang='lat' dir='ltr'><strong>Certus</strong></span> <span class='ocrx_word' id='word_1_82' title='bbox 617 3205 754 3270; x_wconf 76' lang='lat' dir='ltr'><strong>salebras</strong></span> <span class='ocrx_word' id='word_1_83' title='bbox 768 3206 870 3291; x_wconf 89' lang='lat' dir='ltr'><strong>pallet</strong></span> <span class='ocrx_word' id='word_1_84' title='bbox 883 3206 1070 3291; x_wconf 67' lang='lat' dir='ltr'><strong>inhospitas</strong></span> 
     </span>
     <span class='ocr_line' id='line_1_22' title="bbox 548 3305 1106 3395; baseline 0.002 -25"><span class='ocrx_word' id='word_1_85' title='bbox 548 3305 723 3393; x_wconf 77' lang='lat' dir='ltr'><strong>Nunquam</strong></span> <span class='ocrx_word' id='word_1_86' title='bbox 738 3318 789 3372; x_wconf 90' lang='lat' dir='ltr'><strong>tot</strong></span> <span class='ocrx_word' id='word_1_87' title='bbox 802 3317 959 3395; x_wconf 85' lang='lat' dir='ltr'><strong>expertus</strong></span> <span class='ocrx_word' id='word_1_88' title='bbox 972 3308 1106 3386; x_wconf 87' lang='lat' dir='ltr'><strong>labores,</strong></span> 
     </span>
     <span class='ocr_line' id='line_1_23' title="bbox 615 3408 1142 3492; baseline 0.002 -19"><span class='ocrx_word' id='word_1_89' title='bbox 615 3409 721 3475; x_wconf 84' lang='lat' dir='ltr'><strong>Tanta</strong></span> <span class='ocrx_word' id='word_1_90' title='bbox 733 3410 828 3474; x_wconf 85' lang='lat' dir='ltr'><strong>famis</strong></span> <span class='ocrx_word' id='word_1_91' title='bbox 842 3410 935 3492; x_wconf 86' lang='lat' dir='ltr'><strong>mala,</strong></span> <span class='ocrx_word' id='word_1_92' title='bbox 953 3421 1042 3475; x_wconf 82' lang='lat' dir='ltr'><strong>tanta</strong></span> <span class='ocrx_word' id='word_1_93' title='bbox 1054 3408 1142 3474; x_wconf 87' lang='lat' dir='ltr'><strong>belli.</strong></span> 
     </span>
    </p>
   </div>
   <div class='ocr_carea' id='block_1_9' title="bbox 483 3626 1119 4025">
    <p class='ocr_par' dir='ltr' id='par_1_10' title="bbox 483 3626 1119 4025">
     <span class='ocr_line' id='line_1_24' title="bbox 485 3626 992 3719; baseline 0.014 -28"><span class='ocrx_word' id='word_1_94' title='bbox 485 3626 558 3692; x_wconf 90' lang='lat' dir='ltr'><strong>Illic</strong></span> <span class='ocrx_word' id='word_1_95' title='bbox 574 3630 705 3715; x_wconf 86' lang='lat' dir='ltr'><strong>paventi</strong></span> <span class='ocrx_word' id='word_1_96' title='bbox 718 3629 842 3696; x_wconf 88' lang='lat' dir='ltr'><strong>lumine</strong></span> <span class='ocrx_word' id='word_1_97' title='bbox 857 3633 992 3719; x_wconf 85' lang='lat' dir='ltr'><strong>suspicit</strong></span> 
     </span>
     <span class='ocr_line' id='line_1_25' title="bbox 483 3730 1029 3816; baseline 0.009 -22"><span class='ocrx_word' id='word_1_98' title='bbox 483 3730 563 3795; x_wconf 91' lang='lat' dir='ltr'><strong>Alte</strong></span> <span class='ocrx_word' id='word_1_99' title='bbox 577 3731 711 3816; x_wconf 84' lang='lat' dir='ltr'><strong>fragosis</strong></span> <span class='ocrx_word' id='word_1_100' title='bbox 725 3735 890 3799; x_wconf 88' lang='lat' dir='ltr'><strong>montibus</strong></span> <span class='ocrx_word' id='word_1_101' title='bbox 903 3736 1029 3800; x_wconf 88' lang='lat' dir='ltr'><strong>additos</strong></span> 
     </span>
     <span class='ocr_line' id='line_1_26' title="bbox 549 3834 1078 3923; baseline 0.009 -27"><span class='ocrx_word' id='word_1_102' title='bbox 549 3834 682 3899; x_wconf 88' lang='lat' dir='ltr'><strong>Montes</strong></span> <span class='ocrx_word' id='word_1_103' title='bbox 696 3846 730 3898; x_wconf 90' lang='lat' dir='ltr'><strong>et</strong></span> <span class='ocrx_word' id='word_1_104' title='bbox 744 3836 905 3902; x_wconf 87' lang='lat' dir='ltr'><strong>auscultat</strong></span> <span class='ocrx_word' id='word_1_105' title='bbox 919 3838 1078 3923; x_wconf 87' lang='lat' dir='ltr'><strong>procellae</strong></span> 
     </span>
     <span class='ocr_line' id='line_1_27' title="bbox 613 3936 1119 4025; baseline 0.01 -25"><span class='ocrx_word' id='word_1_106' title='bbox 613 3936 801 4023; x_wconf 82' lang='lat' dir='ltr'><strong>Saxifragae</strong></span> <span class='ocrx_word' id='word_1_107' title='bbox 815 3940 1009 4025; x_wconf 76' lang='lat' dir='ltr'><strong>fremituque</strong></span> <span class='ocrx_word' id='word_1_108' title='bbox 1025 3940 1119 4005; x_wconf 83' lang='lat' dir='ltr'><strong>Cori:</strong></span> 
     </span>
    </p>
   </div>
   <div class='ocr_carea' id='block_1_10' title="bbox 0 0 1630 4692">
    <p class='ocr_par' dir='ltr' id='par_1_11' title="bbox 0 0 1630 4692">
     <span class='ocr_line' id='line_1_28' title="bbox 0 0 1630 4692; baseline 0 3"><span class='ocrx_word' id='word_1_109' title='bbox 0 0 1630 4692; x_wconf 95' lang='lat' dir='ltr'><strong> </strong></span> 
     </span>
    </p>
   </div>
  </div>
 </body>
</html>
