3250 4692
568 423 753 478 SABRINAE
771 425 947 476 COROLLA.

577 659 744 758 Aaagvdu
761 660 931 752 γελάωσα.

300 839 348 904 Te
362 841 440 920 vidi,
455 863 537 921 mea,
553 843 641 923 flere,
659 843 771 923 Chloe,
787 841 999 927 lacrumisqve
1013 838 1141 904 madere

342 943 484 1009 Lumina
497 946 644 1010 caeruleo
657 945 875 1031 splendidiora
887 943 983 1030 polo:

300 1043 479 1110 Blanditias
494 1046 601 1112 tristes
614 1048 742 1126 mirans,
761 1047 815 1110 Sic
829 1068 932 1124 mane,
948 1042 1071 1130 putavi,

342 1146 482 1212 Lucenti
496 1148 599 1213 violae
613 1173 686 1214 rore
701 1149 818 1213 micare
833 1147 948 1212 solent.

300 1249 380 1316 Vidi
394 1251 513 1315 iterum
526 1253 628 1318 risus:
653 1275 759 1317 coram
773 1251 901 1315 ridente
914 1251 1040 1315 subacti

345 1353 498 1440 Sappbiri
512 1355 618 1419 radios
633 1355 811 1440 deposuere
826 1376 911 1418 suos.

302 1455 337 1520 N
338 1478 380 1519 on
393 1455 483 1521 loeus
498 1468 547 1521 est
560 1458 705 1542 gemmis,
720 1457 779 1521 ubi
794 1456 868 1521 talis
881 1455 989 1541 fulgor
1003 1455 1096 1519 ocelli

347 1558 466 1645 Spirat,
483 1570 516 1623 et
528 1560 671 1646 ingenuo
686 1559 777 1624 vivus
790 1559 826 1623 in
840 1581 895 1623 ore
910 1558 1015 1623 decor.

303 1729 338 1794 N
338 1752 389 1794 am
403 1729 506 1795 veluti
519 1732 646 1821 nimbos
660 1732 746 1797 inter
758 1731 843 1796 nitet
856 1729 985 1794 aethere
1001 1727 1164 1806 Phoebus,

346 1831 418 1897 Neo
431 1833 562 1918 propria
574 1834 678 1899 nubes
691 1834 764 1898 luce
778 1832 895 1897 rubere
908 1830 1005 1910 faeit3

305 1935 396 2002 Qvae
409 1935 462 1999 vel
475 1935 580 2000 adhuc
594 1947 721 2001 servant
734 1958 844 2000 roseae
858 1934 993 2019 vestigia
1005 1935 1162 2010 flammae,

347 2037 454 2104 Qvom
469 2040 618 2103 tenebras
631 2041 727 2126 pulso
741 2063 810 2104 nox
825 2039 926 2103 trabit
940 2048 1010 2102 atra
1024 2037 1095 2103 die:

307 2139 360 2204 Sio
373 2142 516 2206 subeunt
527 2141 576 2206 illi
590 2142 772 2206 tristissima
785 2152 917 2227 pectora
930 2141 1023 2218 risus,

349 2243 402 2308 Sio
417 2245 495 2309 dant
508 2245 665 2309 laetitiam
679 2256 800 2310 maesta
813 2267 872 2331 per
887 2268 942 2308 ora
954 2266 1080 2308 novam.

306 2345 404 2409 Risus
417 2347 505 2413 abit:
529 2348 631 2412 menti
644 2359 790 2434 superest
802 2347 937 2411 ridentis
950 2346 1067 2430 imago,

350 2447 513 2513 Tristitiae
527 2471 701 2514 memorem
716 2472 774 2514 nec
789 2450 866 2514 sinit
880 2471 947 2513 esse
961 2471 1048 2513 suae.

1062 2550 1110 2609 W.
1125 2549 1159 2607 Ε.
1172 2549 1207 2606 E.

603 2957 727 3029 Stulta
745 2955 930 3053 Superbia.

311 3155 417 3222 Qvom
432 3153 541 3239 tetigit
553 3155 658 3220 nubes
671 3176 748 3220 arcu
762 3155 859 3219 modo
873 3155 967 3220 missa
981 3155 1107 3239 sagitte,

354 3257 408 3321 Sic
422 3257 530 3322 avium
543 3279 624 3322 vano
638 3266 792 3343 provocat
807 3279 862 3321 ore
877 3257 1011 3323 ducem:

310 3359 374 3438 En,
390 3359 504 3446 aqvila,
519 3361 554 3424 in
568 3382 700 3445 superas
715 3382 775 3445 ego
790 3370 824 3424 te
838 3359 1006 3424 sublimior
1019 3381 1113 3423 auras

354 3461 536 3548 Conreptus
552 3462 684 3526 Phoebo
699 3463 762 3526 iam
777 3462 929 3547 propiore
944 3463 1044 3527 fruor.

312 3564 401 3629 Huic
415 3565 482 3629 avis
496 3564 637 3628 inridens
651 3565 775 3649 inquit:
800 3563 983 3629 Vanissima
995 3585 1115 3639 rerum,

356 3665 443 3734 Qvid
456 3676 489 3730 te
503 3679 608 3730 sumta
621 3667 712 3731 brevi
725 3677 871 3751 tempore
884 3689 991 3752 penna
1005 3666 1118 3730 iuvat?

314 3768 445 3833 Soandis
459 3768 500 3833 ad
513 3769 671 3834 aetherias
686 3768 797 3833 alienis
811 3767 933 3832 viribus
947 3789 1053 3846 arces3

356 3871 411 3936 Ad
425 3881 542 3936 terram
555 3872 686 3958 proprio
700 3872 843 3958 pondere
857 3871 946 3956 lapsa
958 3871 1035 3936 ruis.
1178 3967 1207 4024 Κ
