3250 4692
391 438 440 484 ³20
709 440 893 489 SABRINAE
912 440 1086 489 COROLLA.

435 605 543 669 Sicine
558 604 614 669 dat
629 607 751 670 circum
765 606 871 670 lentos
886 606 1004 671 oblivia
1018 628 1140 683 sensus,

477 706 650 785 Inmemor,
666 717 706 771 nt
720 730 816 772 cursu
829 720 982 794 praepete
998 721 1125 794 tempus
1140 710 1216 772 eat?

435 808 484 873 Ut
497 810 562 873 cito
576 812 642 874 vita
656 811 752 895 fugit,
768 822 920 897 properat
935 811 999 877 cito
1014 811 1136 875 funeris
1148 811 1237 888 hora,

478 912 551 979 Qvo
566 914 698 997 propior
711 914 799 977 venit
813 914 902 991 haec,
920 915 1006 978 ocior
1020 914 1075 977 illa
1089 914 1183 998 fugit.

434 1014 575 1099 Surgite‚
593 1015 754 1093 mortales,
770 1025 804 1079 et
818 1026 923 1079 vastos
938 1016 1059 1080 cernite
1074 1026 1204 1091 tractae,

478 1117 567 1184 Qvot
581 1116 734 1181 decorent
747 1118 836 1182 varia
850 1118 954 1182 sidera
968 1117 1040 1182 luce
1055 1118 1185 1203 polum:

350 1267 354 1272 »
434 1220 568 1285 Divinas
583 1231 730 1305 spectate
746 1221 867 1299 domos,
884 1232 971 1287 tecta
985 1222 1085 1285 ardua
1100 1220 1188 1297 caeli,

477 1324 532 1401 Et,
550 1324 627 1409 qvid
641 1324 683 1386 sit
697 1324 848 1401 mundus,
866 1324 990 1402 discite,
1008 1324 1084 1408 qvid
1099 1324 1141 1387 sit
1153 1322 1261 1387 horno.

435 1426 496 1490 Ille
512 1426 640 1510 qvidem
655 1448 790 1511 parvum
804 1438 853 1489 est
867 1426 952 1491 inter
967 1438 1017 1489 tot
1030 1426 1134 1490 sidera
1147 1425 1268 1501 lumen,

477 1528 542 1593 Hic
557 1529 645 1612 viget
657 1528 691 1591 in
706 1539 865 1613 punctum
881 1530 1044 1613 temporis,
1059 1528 1135 1592 inde
1150 1528 1245 1613 perit

433 1632 470 1696 Si
485 1631 555 1716 qvis
569 1632 688 1716 nbiqve
702 1630 798 1709 facea,
817 1643 850 1695 et
866 1642 969 1696 tantas
985 1632 1126 1717 undiqve
1141 1629 1283 1693 flammas

476 1735 605 1812 Cernat,
622 1744 656 1797 et
670 1732 828 1797 aetherias
843 1734 917 1817 igne
932 1734 1049 1797 micare
1064 1734 1149 1797 vias:

432 1838 550 1902 Omnia
563 1837 590 1901 si
605 1836 736 1900 solitum
752 1836 860 1901 videat
874 1838 1032 1901 servantia
1048 1858 1187 1913 cursum,

476 1940 600 2025 Cuiqve
616 1938 688 2003 Deo
702 1940 848 2024 proprias
862 1939 1089 2024 suppeditante
1106 1938 1207 2001 vices:

432 2044 549 2108 Nonne
565 2042 642 2105 velit
656 2042 768 2105 mundi
783 2042 894 2106 letales
908 2042 1052 2127 linqvere
1068 2064 1168 2119 curas,

474 2146 521 2209 Et
535 2146 664 2209 tandem
677 2144 745 2209 rita
759 2145 910 2209 liberiore
925 2144 991 2209 frui
1002 2146 1015 2208 l

433 2250 550 2314 Nonne
565 2248 654 2327 velit,
672 2260 812 2313 mentem
829 2248 982 2313 cohibent
997 2270 1076 2333 qvae
1092 2244 1229 2321 vincula,
1247 2242 1338 2321 solvi,

475 2352 524 2416 Ut
538 2363 628 2437 petat
641 2364 795 2429 aeternas,
812 2352 898 2416 unde
913 2352 955 2415 sit
970 2363 1049 2428 orta,
1066 2350 1186 2426 domos,

431 2458 503 2525 Qva
516 2455 634 2519 nitidas
647 2455 732 2518 inter
745 2454 854 2518 stellas
868 2454 1019 2540 sedesqve
1034 2454 1143 2517 beatas

475 2561 544 2624 Pax
559 2570 593 2621 et
605 2570 697 2642 grata
711 2556 811 2623 Qvies
826 2568 938 2642 regnat
953 2568 987 2621 et
1000 2556 1102 2620 almus
1118 2556 1238 2631 Amor;

431 2664 504 2732 Qva
517 2662 585 2725 sine
601 2659 731 2724 tristitia
745 2659 833 2743 viget
847 2660 1033 2744 incorrupta
1048 2658 1219 2742 Voluptas,

471 2764 518 2827 Et
532 2761 657 2827 stabilis
671 2783 796 2845 semper
811 2760 927 2825 Gloria
941 2761 1004 2824 fine
1020 2762 1126 2825 caret?
1223 2802 1226 2809 »

430 2868 460 2932 Ο
475 2864 578 2950 campi
593 2864 722 2941 virides,
739 2862 769 2926 0
782 2863 872 2947 pleni
887 2864 1020 2927 floribus
1034 2864 1111 2947 agri,

472 2969 502 3033 Ο
518 2990 643 3053 semper
656 2967 757 3030 vitrea
772 2966 826 3049 qvi
842 2966 925 3042 fluis,
942 2965 1053 3043 anmis,
1070 2967 1166 3049 aqva!

429 3072 573 3136 Tantane
587 3067 737 3132 mortales
752 3068 902 3131 viderunt
916 3068 1033 3152 gaudia
1047 3066 1137 3143 caeli,

472 3173 542 3237 Nec
557 3172 686 3235 miseras
698 3169 810 3233 mundi
826 3170 993 3234 deseruere
1009 3170 1142 3233 domos?

1256 3272 1284 3329 J.
1296 3272 1329 3328 L.

802 3386 965 3396 —-—-—-

622 3612 627 3623 ,
739 3541 904 3615 Christus
922 3542 1032 3615 adest.

513 3701 619 3768 Qvom
634 3722 686 3763 me
701 3698 752 3763 vel
767 3699 876 3763 miseri
891 3700 1054 3764 solicitant
1068 3709 1173 3763 metus

512 3802 576 3868 Vel
590 3825 663 3887 spes
676 3802 747 3865 lusa
759 3804 889 3887 premit,
906 3802 1062 3866 laetitiam
1078 3814 1154 3865 tuus

576 3904 717 3981 Reddat,
735 3904 871 3982 Christe,
888 3927 1054 3969 susurrus:

642 4006 785 4083 Praesto,
802 4029 842 4069 ne
859 4006 981 4084 timeas,
999 4006 1080 4089 Ego.
