3250 4692
572 432 755 483 SABRINAE
774 434 950 485 COROLLA.

601 728 736 803 Amans
753 730 916 805 Patriae.

342 909 559 977 Παλαίτατοι
575 910 668 993 θεῶν,
685 908 793 999 οἷπερ,
808 910 848 991 ἧς
862 911 969 1000 ἀρχῆς
985 912 1023 979 τὸ
1039 914 1118 1003 πρὶν

342 1015 447 1104 χάους
461 1015 613 1102 άμσυροῶ
628 1010 792 1080 δεσπόται
808 1015 995 1103 κατάσχετε

341 1119 471 1201 μνήμην
487 1116 630 1206 ἔχοντες,
647 1122 702 1184 νῦν
717 1116 794 1198 ἔθνη
810 1118 1008 1204 φυλάσσετε

341 1219 404 1302 ἤδη
420 1220 509 1287 κάτω
525 1221 671 1301 νεύοντα,
688 1220 744 1285 καὶ
759 1221 986 1303 πεσουμὲνους

344 1322 464 1407 δόμους
479 1325 645 1412 τυράννων
661 1322 793 1406 ἔγκοτοι
809 1322 1001 1406 καθήμενοι·

343 1426 379 1492 οἳ
391 1426 451 1492 καί
463 1426 523 1492 τιν’
541 1426 653 1509 ἐσμῶν
667 1429 813 1510 γηγενῶν
828 1426 861 1496 ἐς
876 1425 978 1514 ἄγρια

342 1528 527 1613 ἐμβάλλετ’
541 1529 607 1612 ἤθη
623 1528 680 1596 καὶ
694 1530 839 1617 τρόπους
855 1529 963 1613 ὠμοὺς
979 1528 1081 1610 δίκην·

342 1632 380 1698 οἵ
389 1633 417 1700 τ’
433 1632 516 1721 ἀμφ’
532 1635 692 1718 ἐπάλξεις
707 1634 869 1718 δωμάτων
883 1638 1083 1722 τυραννικῶν

342 1735 457 1824 ῶσπερ
473 1734 533 1803 τιν’
548 1736 661 1803 ’Ἅιδου
675 1736 809 1804 πέπλον
823 1738 1066 1824 άμφιβάλλετε

341 1839 473 1922 σκότος,
490 1838 531 1905 δι’
547 1839 657 1905 αὐλῶν
672 1837 867 1922 ἐμπνέοντες
883 1838 1017 1911 ἐνδίκως

339 1944 422 2024 άτην
435 1942 724 2031 προσημαίνοντας
740 1940 874 2013 οἰωνοὺς
888 1947 1020 2030 σαφεῖς·

338 2046 400 2129 ἤδη
416 2044 545 2111 κλύοιτ’
562 2044 603 2111 δν
618 2046 762 2128 εὐμενεῖς
777 2046 863 2129 ἐμῶν
874 2050 988 2113 λιτῶν·

340 2148 428 2233 ὑμῶν
442 2148 616 2236 παρόντων
630 2148 789 2229 πλησίον,
805 2147 890 2237 σάφ’
906 2146 982 2215 οῖδα
996 2149 1074 2237 γάρ,

341 2250 462 2333 ταύτην
477 2251 594 2335 δίδωμι
608 2249 693 2340 χεῖρ’
710 2252 939 2340 άφιερωμένην

340 2358 380 2441 τῇ
396 2360 456 2421 τοῦ
469 2354 628 2442 τυράννου
643 2354 700 2419 καὶ
714 2353 829 2439 γένους
845 2354 1024 2443 διαφθορᾷ.

341 2458 424 2547 πρὸς
438 2456 530 2525 ταῦτ’
545 2458 716 2528 άνοίκτους
731 2458 795 2523 κάκ
810 2459 1005 2541 γυναικείων
1019 2456 1151 2546 τρόπων

342 2561 583 2650 μεθαρμόσαιτ’
599 2562 640 2629 ἂν
654 2561 810 2649 άνδρικὰς
826 2562 899 2646 ἐμοὶ
914 2561 1046 2650 φρένας,

342 2665 380 2732 τό
395 2664 442 2749 μὴ
457 2664 588 2754 τρέμειν
602 2660 669 2731 τόδ’
684 2666 719 2731 ἐν
734 2669 868 2752 σφαγῆς
882 2665 973 2750 ἀκμῇ
988 2663 1095 2751 ξίφος·

343 2767 414 2834 εἶδ’
431 2766 500 2834 ἔστ’
517 2767 628 2853 ε’κείνῳ
644 2767 757 2834 τέκνον
771 2767 811 2834 αὖ
826 2766 932 2833 δεῖται
947 2766 1050 2853 φόνου

344 2870 382 2936 τὸ
399 2869 473 2955 θῦμ’
489 2868 508 2935 ό
521 2868 556 2953 μ’
572 2870 660 2936 αἰτεῖ
674 2870 807 2957 πατρίς,
824 2869 915 2941 ὅπως
931 2868 967 2935 δὲ
983 2868 1100 2951 θήξετε

341 2972 379 3041 τὸ
393 2976 439 3058 μή
453 3001 496 3059 με
512 2973 638 3063 δρῶντα
651 2972 928 3057 μαλθακισθῆναι
942 2973 1059 3062 φρένα.

1063 3120 1097 3178 Ε.
1112 3120 1153 3176 Μ.
1168 3118 1200 3175 G.

627 3604 711 3680 Rex
723 3601 888 3678 Carolus.

344 3808 421 3872 Rex
436 3808 531 3887 bone,
546 3830 641 3871 nemo
656 3806 717 3870 tibi
731 3804 802 3869 vult
816 3802 963 3880 credere3
987 3809 1132 3884 tempore
1146 3794 1237 3861 nullo

388 3910 458 3975 Nec
473 3910 573 3991 stulte
588 3908 737 3995 loqveris‚
754 3929 814 3971 nec
828 3904 990 3990 sapienter
1006 3902 1083 3987 agis.
1148 4000 1177 4057 K

759 4126 782 4170 N
