3250 4692
587 452 770 502 SABRINAE
788 453 963 503 COROLLA.
1231 459 1277 505 163

610 799 712 874 Calin
728 803 938 899 superbiens.

273 978 372 1058 Celia,
389 981 416 1043 si
430 981 586 1065 superbis,

315 1081 372 1145 Me
388 1082 449 1145 tibi
463 1084 543 1146 scito
559 1084 681 1148 decoris
696 1085 722 1148 si
738 1086 815 1170 qvid
830 1086 929 1149 habes
944 1109 1090 1172 parasse:

272 1181 324 1246 De
338 1206 434 1268 grege
450 1185 599 1249 viliorum

316 1285 391 1350 Una
405 1287 537 1351 vixisses
552 1288 728 1367 venerum,
744 1287 835 1352 nullo
849 1289 884 1352 in
897 1288 1017 1352 honore
1030 1287 1144 1366 forma,

272 1472 318 1537 Ni
333 1496 405 1538 mea
419 1473 517 1538 Musa
531 1474 645 1558 pennis

314 1575 444 1638 Aureae
459 1575 576 1639 Famae
590 1575 702 1640 titulos
717 1575 799 1640 ferre
816 1587 890 1640 tuos
904 1576 1053 1641 dedisset.

274 1677 348 1742 Non
364 1689 422 1742 tua
436 1678 493 1742 dos
506 1677 642 1764 placere,

315 1779 390 1844 Non
405 1790 540 1844 tuaest:
564 1801 640 1843 voce
656 1792 750 1864 atqve
766 1780 869 1845 oculis
882 1803 933 1845 me
948 1780 1114 1844 tribuente
1128 1780 1250 1865 polles:

271 1967 366 2035 Qvod
381 1969 474 2032 decet
488 1979 536 2031 est
550 1989 657 2032 meum
673 1968 706 2031 in
722 1978 773 2031 te:

313 2069 353 2133 In
367 2091 439 2133 rneo
453 2091 578 2153 semper
591 2069 704 2133 rutilas
718 2068 848 2134 aethere
864 2069 958 2133 dulce
973 2069 1071 2135 sidus.

271 2171 371 2250 Num,
388 2195 458 2236 rnea
473 2172 566 2250 dona,
583 2171 706 2236 caelum

313 2275 492 2352 Possidens‚
508 2275 542 2338 in
556 2296 607 2338 me
621 2295 738 2357 supera
751 2275 853 2338 mittis
867 2275 908 2339 ab
923 2297 994 2339 arce
1009 2273 1157 2338 fulmen?

708 2871 839 2946 Votum.

312 3077 430 3140 Suavia
442 3075 596 3139 lacteolae
612 3073 676 3138 sint
689 3071 812 3136 somnia
827 3071 977 3156 virginis;
1000 3071 1049 3135 illi

355 3177 468 3241 Gratia
482 3196 681 3263 purpureum
695 3173 795 3259 spiret
808 3172 843 3235 in
858 3195 914 3236 ora
928 3173 1042 3250 decus;

311 3279 439 3365 inpleat
451 3287 565 3362 arguta
577 3277 716 3360 linguam
732 3273 901 3339 dulcedine
916 3273 1030 3351 Musa3

354 3383 433 3447 Vita
446 3380 657 3446 verecundam
672 3377 754 3441 ditet
767 3376 889 3440 honore
904 3376 998 3441 viam.

312 3585 451 3669 Cogitet,
466 3595 568 3670 optet,
584 3593 659 3667 agat
673 3581 815 3646 salutum
830 3581 1070 3666 qvodcumqve;
1094 3582 1183 3647 fideli

354 3686 460 3750 Possit
474 3683 625 3762 amicitia,
640 3683 741 3768 possit
755 3705 862 3747 amore
875 3681 953 3746 frui.

310 3787 440 3864 Rideat,
457 3797 572 3851 exacto
585 3784 688 3849 laetae
704 3784 781 3849 dum
794 3806 928 3849 munere
941 3784 1023 3849 lucis

354 3888 503 3953 Cinxerit
516 3885 710 3951 ambrosium
726 3886 779 3950 dia
793 3909 909 3951 corona
923 3898 1031 3970 caput.

1175 3989 1211 4046 K.
