3250 4692
558 414 742 466 SABRINAE
760 414 936 465 cononLn.
1204 415 1260 487 rot,

531 735 711 811 Colendue
729 735 962 835 Septembres.

248 904 406 991 Tempore
422 928 484 991 qvo
499 905 604 991 campi
618 906 733 969 studiis
748 914 879 990 operate
891 904 1044 969 iuventus

247 1008 383 1091 (Felices
397 1009 521 1073 animae
535 1008 683 1085 nimium,
698 1008 749 1072 bis
764 1017 876 1093 terqve
891 1007 989 1086 beati,

248 1112 395 1180 Qvorum
409 1134 469 1197 ego
483 1134 598 1196 magne
612 1110 662 1173 fui
672 1132 746 1196 pars
760 1110 905 1195 saepius;
921 1119 959 1173 ut
973 1109 1102 1173 redeam
1116 1109 1157 1173 ad
1171 1109 1249 1189 rem)

248 1214 408 1299 Tempore
423 1236 485 1299 qvo
500 1214 614 1299 pubes,
630 1212 683 1277 cui
698 1212 768 1297 lege
782 1211 913 1276 licentia
926 1212 1026 1293 venit,

247 1316 397 1381 Vixdum
411 1316 545 1381 maturis
558 1315 681 1380 bellum
695 1315 881 1401 perdicibus
894 1314 1003 1394 infert,

248 1418 329 1482 Tres
342 1418 475 1483 iuvenes
490 1416 529 1502 (si
543 1418 601 1497 vis,
616 1418 697 1481 mihi
711 1418 841 1481 nomina
856 1418 961 1482 dicere
975 1431 1163 1505 promptum
1177 1418 1237 1502 est)

248 1521 494 1607 Metropoliteni
509 1521 646 1606 cupiunt
658 1520 794 1586 invisere
808 1543 894 1599 rura,

249 1622 298 1687 Ut
310 1624 435 1708 possint
445 1622 586 1709 ludoqve
599 1623 666 1687 frui
679 1623 858 1708 praedaqve
873 1623 981 1709 potiri.

248 1724 338 1810 Ergo
353 1726 519 1790 tormentis
533 1726 682 1791 instructi
697 1726 894 1790 Mantonicis
909 1737 943 1790 et

250 1826 388 1893 Pulvere
402 1829 521 1893 nitrato
536 1830 730 1913 canibusque
745 1838 780 1892 ct
792 1827 947 1912 grandine
961 1826 1087 1914 plumbi

251 1927 331 1993 Tres
344 1929 440 1995 simul
453 1932 489 1995 in
501 1932 600 1996 rhedo
613 1931 802 2016 fumumqve
818 1931 994 2017 urbemqve
1008 1932 1204 2018 relinqvunt.

251 2031 340 2100 Qvid
354 2044 461 2097 tamen
475 2058 494 2098 a
508 2044 599 2118 tergo
615 2034 800 2119 dependet?
844 2034 927 2099 Pera
941 2035 1020 2098 adeo
1035 2034 1148 2119 ingens

251 2134 300 2199 Ut
313 2136 422 2200 credas
436 2136 534 2200 caesis
549 2136 775 2222 elephantibus
789 2159 857 2200 csse
872 2146 1025 2222 paratam.

250 2237 349 2303 Nunc
362 2238 443 2303 mihi
458 2238 512 2324 qvi
526 2262 625 2319 casus,
642 2239 743 2326 qvalis
756 2238 888 2303 fortuna
903 2239 967 2303 diei

250 2340 348 2405 Musa
361 2342 457 2406 velim
472 2365 647 2408 memores:
670 2365 745 2407 narn
760 2352 846 2406 certe
861 2365 977 2426 magna
990 2342 1167 2421 volucrum,

251 2442 373 2528 Magna
385 2444 451 2508 fuit
464 2444 612 2529 leporum
626 2455 755 2528 strages.
802 2443 976 2529 Postquam
990 2445 1153 2508 cumulato

252 2545 363 2632 Usqve
377 2569 491 2611 novem
507 2548 548 2611 ad
562 2548 680 2631 digitos
694 2557 855 2611 tormenta
869 2546 970 2624 fuere,
986 2571 1044 2634 per
1058 2571 1150 2633 agros

251 2647 304 2712 Ire
318 2647 432 2734 procul
445 2649 599 2727 madidos,
616 2649 748 2713 dumeta
760 2672 820 2734 per
833 2649 912 2726 avia,
929 2672 1020 2735 sepes

252 2751 361 2838 Atqve
375 2753 485 2832 rubos,
502 2753 588 2817 cauti
603 2752 680 2816 dum
695 2762 841 2837 spectant
854 2752 1006 2837 undiqve,
1022 2754 1139 2840 perdix

252 2855 286 2919 N
287 2878 304 2919 e
319 2854 405 2919 forte
419 2856 453 2919 in
467 2878 555 2919 ramo
569 2855 679 2933 lateat,
694 2878 736 2918 ne
750 2855 793 2919 sit
806 2854 899 2940 lepus
914 2855 978 2919 uda

252 2956 323 3021 Sub
337 2980 441 3023 cavea.
487 2957 536 3021 At
549 2957 659 3021 subito
672 2956 790 3021 fossam
805 2957 882 3021 dum
897 2958 1044 3037 transilit,
1060 2980 1145 3023 unus

252 3058 423 3124 Trossulus
437 3059 472 3123 in
485 3058 596 3123 foedas
610 3058 693 3123 collo
709 3069 803 3123 tenus
817 3058 932 3123 incidit
945 3061 1057 3125 undas.

254 3162 342 3241 Huc,
358 3184 481 3247 precor,
497 3160 676 3225 auxilium!
723 3161 840 3226 Vestes
855 3172 889 3225 et
902 3162 969 3226 vita
982 3163 1155 3248 peribunt:

253 3266 439 3345 Auxilium,
455 3265 599 3330 comites.
645 3264 711 3329 Sed
725 3286 785 3329 cur
801 3265 933 3329 dumeta
947 3268 1143 3331 moventur?

254 3368 354 3434 Ocius
368 3392 457 3434 arma
469 3368 549 3433 viri:
572 3368 664 3454 lepus
678 3367 737 3431 hac
752 3368 812 3432 sub
829 3390 905 3453 sepe
919 3368 1053 3434 latescit.

254 3472 402 3537 Molliter
416 3472 576 3559 adrepunt
591 3493 721 3536 omnes:
744 3481 906 3536 tormenta
918 3482 1091 3557 parantur3

241 3574 430 3641 ¹Intonuere
444 3598 558 3640 aurae:
583 3596 678 3660 qvom
693 3573 828 3660 (parcite
843 3574 984 3660 risubus)
1000 3574 1072 3639 exit

255 3677 363 3742 Triste
378 3687 545 3742 cruentato
560 3678 600 3741 de
614 3688 748 3762 gutture
763 3677 940 3741 vociferans
954 3699 1018 3742 sus.

254 3778 386 3865 Iamque
401 3780 462 3844 viri
474 3780 624 3865 fugiunt:
648 3779 851 3864 fugientibus
864 3802 937 3844 ecce
952 3803 1031 3844 anus
1045 3779 1144 3845 instet

252 3882 287 3947 A
300 3892 403 3965 tergo,
419 3890 454 3944 et
467 3880 607 3945 multum
620 3879 709 3965 leges
722 3880 885 3967 fustesqve
900 3882 1021 3947 minata

254 3984 308 4049 Ob
321 3984 440 4050 laesam
454 3982 573 4048 solidos
587 3983 674 4067 cogit
688 4006 747 4048 sex
759 3983 902 4068 pendere
915 4006 1056 4069 porcam.
