3250 4692
582 398 766 449 SABRINAE
783 398 960 452 conotus

398 567 466 633 Seu
478 565 628 634 luctuoso
642 568 770 635 tramite
784 570 945 635 fluctuans

400 671 508 736 Sionis
520 695 608 738 arces
621 674 682 737 sub
696 674 780 759 pede
794 684 944 759 prorutas

463 775 654 861 Fractasqve
668 776 776 841 vidisti
791 776 953 840 columnas

529 878 706 943 Dedecoris
719 878 802 943 male
817 888 904 943 certa
917 890 1015 959 vates,

402 1083 555 1148 Humana
567 1085 710 1169 gaudens
724 1084 836 1149 ludere
849 1094 981 1171 pectora

402 1185 498 1250 Ludo
511 1187 686 1251 insolenti?
728 1187 827 1251 Nunc
843 1188 1017 1273 Sapientia,

467 1287 544 1352 Lux
560 1288 643 1353 alma
657 1299 801 1368 naturae,
818 1288 943 1374 fugavit

531 1391 700 1478 Explicito
714 1394 865 1479 propiore
879 1394 974 1459 vultu
1057 1467 1065 1478 ι

405 1597 496 1665 Qvae
509 1606 617 1662 mente
631 1620 711 1663 vana
725 1598 848 1663 somnia
861 1598 1015 1685 pristinae

404 1701 546 1767 Finxere
560 1709 682 1785 gentes.
729 1700 777 1764 Te
792 1700 873 1765 nihil
888 1701 1023 1779 adtinet,

470 1801 500 1867 O
515 1803 617 1882 stella,
635 1803 711 1889 qvid
726 1814 819 1867 texat
833 1803 950 1868 minaci

534 1904 637 1969 Parca
651 1906 733 1985 eolo,
748 1928 851 1991 neqve
866 1905 893 1971 si
907 1904 1019 1969 ruinae

405 2111 509 2176 Caeca
521 2109 653 2195 ingruat
665 2109 714 2173 vis
726 2134 734 2175 z
758 2108 806 2173 nil
820 2110 920 2195 magis
935 2110 1058 2175 orbitae

405 2212 648 2277 Determinatae
663 2210 791 2275 vincula
804 2212 941 2298 negligis

471 2313 641 2401 Gyrosqve
655 2314 802 2398 vulgares
817 2326 851 2378 et
864 2325 988 2379 arctum

537 2417 669 2504 Spemis
682 2417 746 2482 iter
759 2416 906 2503 fugiente
918 2440 1034 2504 penna.

409 2622 475 2687 Sed
490 2644 553 2709 qvo
564 2622 688 2687 recedis
702 2621 819 2687 deria?
863 2621 933 2687 Iam
947 2622 1038 2701 mihi,

409 2726 480 2791 Ceu
493 2726 614 2805 fumus,
630 2748 723 2790 auras
737 2726 771 2789 in
786 2735 900 2790 tenues
913 2726 983 2791 abis

472 2827 643 2907 Extincto,
658 2849 719 2892 nec
734 2827 846 2891 taedae
861 2832 1034 2913 supersunt

542 2929 738 2995 Auricomae
753 2928 922 3015 vigilisque
936 2930 1083 2995 flammae

409 3134 592 3201 Damnosus
605 3135 710 3201 ardor.
756 3133 804 3199 Te
817 3144 946 3200 revocat
959 3134 1055 3200 chaos

408 3238 456 3305 Et
468 3261 537 3303 nox
551 3250 584 3304 et
597 3250 685 3304 aetas
699 3248 734 3303 et
746 3237 825 3326 fuga
838 3238 996 3303 mensium

475 3342 629 3407 Aeterns.
675 3342 764 3409 Quas
777 3341 891 3405 mundi
905 3341 1054 3422 latebras,

540 3445 645 3512 Quem
657 3444 779 3530 repetis
792 3443 932 3531 fugitiva
945 3444 1082 3509 nidum?

412 3648 493 3714 Post
506 3646 603 3734 longa
615 3648 724 3714 forsan
736 3648 845 3714 secula
858 3658 1003 3736 posteros
1022 3651 1026 3657 ’

411 3750 526 3815 Annos
538 3752 668 3818 revises.
712 3751 812 3816 Vivet
826 3752 929 3815 adhue
943 3774 1020 3836 ager

478 3851 674 3937 Campestris
689 3863 723 3916 et
737 3852 836 3917 colles
851 3864 885 3916 et
898 3852 975 3917 almi

543 3955 644 4019 Ruris
657 3955 759 4020 honos
773 3976 1004 4041 nemorumqve
1018 3954 1143 4022 fontes:

1223 372 1272 451 aia
