3250 4692
687 350 871 401 sasamon
889 351 1063 401 COROLLA.

590 655 637 730 N
636 659 667 731 il
679 683 766 758 ergo
785 658 955 756 optabunt
974 658 1155 732 Homines.

500 838 602 903 Nefas
615 839 750 925 fatigare
764 840 872 927 impiis
886 840 969 905 votis
983 841 1078 905 deos:

546 942 649 1007 Crede
663 944 743 1009 hacc
757 966 904 1008 severum
920 943 1085 1008 Socratem

501 1043 658 1110 Nondum
671 1047 786 1111 cicutis
798 1046 934 1111 lividum
947 1046 1099 1111 letalibus

542 1145 676 1212 Dixisse
690 1149 827 1213 barbato
842 1148 950 1215 chore.

499 1247 588 1332 Ergo
603 1250 680 1334 qvid
693 1272 808 1314 aurum
823 1250 946 1336 Lydiae
960 1250 1119 1334 voraginis

544 1351 644 1416 Orare
659 1352 748 1417 divos
762 1352 916 1439 proderit,

498 1454 689 1519 Gemmesve
703 1455 738 1518 in
752 1456 853 1521 antris
866 1455 992 1520 abditas
1008 1454 1164 1519 Ibericis?

541 1556 630 1625 Qvid
644 1558 853 1622 barbarorum
867 1558 1007 1643 fulgidas

499 1658 629 1743 Regum
643 1660 762 1725 tiaras?
807 1660 935 1728 Qvidve
950 1660 1094 1725 conferet
1110 1660 1207 1725 Ceres

541 1762 685 1848 Libystis
700 1776 734 1827 et
748 1762 937 1829 Trinacria?

499 1863 588 1933 Qvid
601 1865 705 1929 forma
719 1866 822 1930 dulcis
835 1876 868 1930 et
882 1867 1060 1931 iuventutis
1074 1867 1191 1931 decor?

543 1967 620 2032 Sors
633 1968 761 2033 mobilis
774 1970 959 2033 mortalium
975 1978 1033 2048 est,

498 2068 689 2157 Damnoqve
703 2070 808 2135 adhuc
823 2071 946 2135 incerta
959 2092 1017 2135 seu
1031 2082 1134 2136 vertas
1147 2071 1243 2135 bono.

542 2172 623 2239 Ovis
636 2172 724 2236 aleae
736 2172 890 2258 pericula,

499 2273 664 2352 Martisve,
681 2296 818 2358 qvorum
832 2274 951 2339 dubius
965 2274 1074 2339 exitus
1087 2274 1182 2353 foret,

544 2376 630 2440 Inire
645 2376 743 2441 vellet
757 2377 885 2461 iurgia?

499 2478 648 2543 Mentem
662 2501 791 2565 precare
804 2503 916 2544 sanam
931 2491 965 2543 et
978 2479 1148 2558 insontem,
1164 2501 1258 2565 puer,

544 2581 700 2646 Permitte
716 2582 799 2646 divis
813 2593 940 2647 cetera:

499 2683 585 2747 Nam
600 2684 730 2769 qvisqve
745 2684 794 2747 dis
808 2694 868 2762 est,
884 2708 979 2770 qvam
993 2684 1055 2749 sibi
1069 2684 1149 2769 ipse,
1166 2685 1278 2764 carior,

541 2786 588 2850 Et
602 2785 754 2850 caelitum
770 2796 819 2849 est
832 2786 1015 2870 prudentia.

498 2890 547 2953 At
560 2888 608 2953 nil
621 2912 714 2953 avaro
729 2888 853 2975 profuit
867 2899 979 2953 votum
992 2889 1114 2968 Midae,

542 2992 590 3056 At
604 2991 652 3055 nil
664 2990 792 3078 puellae
803 2992 964 3076 praesciae
976 3018 984 3071 ;

498 3093 558 3159 Nil
569 3116 684 3179 magna
697 3116 788 3159 caree
803 3094 887 3158 dona
902 3094 1044 3159 Tithono
1059 3096 1148 3174 deae,

542 3195 605 3260 Cui
618 3207 741 3282 nuptus
755 3196 902 3260 Aurorae
916 3197 1017 3261 rubor

498 3296 611 3363 Vitam
626 3310 787 3363 carentem
802 3298 867 3362 fine
883 3300 1027 3384 poscenti
1041 3299 1131 3365 dedit

541 3398 695 3466 Frustra:
718 3398 847 3469 beatam
861 3402 994 3467 sustulit

500 3500 556 3565 Illi
569 3502 736 3567 iuventam
750 3514 897 3588 tempus:
922 3528 998 3590 ergo
1013 3507 1127 3572 debilis

542 3603 731 3689 Langvisset
746 3592 912 3671 aeternum
927 3630 1038 3687 senex,

499 3706 546 3770 Ni
560 3704 645 3770 forte
659 3729 792 3792 corpore
807 3708 893 3772 inter
907 3710 1041 3777 aestivas
1055 3734 1138 3776 novo

541 3807 660 3873 Cicada
673 3821 830 3875 cantasset
844 3834 959 3878 comas.

1123 3902 1171 3960 W.
1187 3902 1220 3959 T.
1236 3904 1269 3960 B.
1285 3903 1314 3962 J.
