3250 4692
562 423 744 474 SABRINAE
763 424 938 473 conoLLn.
1206 419 1252 473 167

518 768 617 844 Inest
633 793 698 842 sua
713 769 841 867 gratia
853 770 990 864 porois.

296 948 454 1012 Parvulus
468 949 502 1012 in
515 948 616 1033 pratis
630 947 690 1011 flos
705 960 772 1011 est:
797 949 884 1011 nitor
898 948 988 1011 ardet
1003 946 1097 1011 ocelli

339 1051 478 1126 Aureus,
495 1062 626 1134 argento
640 1051 752 1135 purior
767 1051 855 1114 albet
869 1073 972 1134 apex:

296 1150 359 1216 Ille
373 1153 458 1216 vices
472 1152 569 1215 horae
584 1151 698 1214 dubias
713 1151 867 1235 cuiusqve
882 1150 1009 1227 salutat,

340 1253 603 1339 Adspectumqve
617 1253 687 1336 peti
702 1252 797 1316 callet
810 1263 983 1336 utrumqve
1000 1252 1095 1316 Iovis.

298 1488 389 1556 Quae
404 1489 504 1572 magis
519 1487 646 1551 eximiis
662 1487 790 1552 decorat
802 1487 1026 1572 splendoribus
1040 1510 1162 1572 agrum,

342 1590 457 1654 Florea
470 1612 548 1674 gens
563 1588 658 1652 celeri
673 1588 778 1672 fulget
792 1588 923 1673 abitque
937 1588 1025 1652 vice:

301 1691 405 1778 Stirps
420 1692 565 1776 seqvitur
578 1691 720 1776 stirpem,
737 1690 796 1753 flos
811 1690 883 1754 flori
897 1689 1011 1754 fortior
1023 1689 1131 1768 instat,

342 1793 469 1880 Qviqve
483 1795 518 1858 in
534 1795 653 1858 honore
667 1794 732 1858 fuit
746 1817 832 1857 nunc
847 1794 915 1858 sine
930 1794 1050 1857 honore
1065 1793 1159 1857 iacet.

300 2033 455 2096 Attamen
470 2031 547 2096 haec
561 2033 677 2096 florum
692 2032 792 2096 Matri
809 2031 926 2095 dilecta
940 2053 1093 2116 propago,

344 2134 484 2220 Cynthia
499 2134 576 2198 dum
591 2157 719 2198 cursum
734 2134 837 2199 volvit
851 2146 884 2199 et
898 2145 982 2198 astru
996 2146 1137 2211 manent,

303 2234 444 2300 Innectit
456 2235 543 2300 foliis
557 2236 633 2299 anni
647 2235 835 2299 revolubilis
850 2236 972 2313 orbem,

344 2339 391 2402 Et
406 2360 510 2402 comes
525 2339 551 2402 it
566 2339 684 2424 rapidis
699 2339 774 2402 solis
790 2340 909 2424 ubiqve
924 2340 1013 2402 rotis.

303 2577 343 2641 In
356 2576 477 2661 gremio
491 2575 576 2639 ridet
591 2574 673 2638 Maii
689 2575 804 2639 dilecta
817 2576 990 2660 voluptas,

345 2678 501 2764 Explicat
516 2678 658 2761 Augusti
674 2677 739 2741 sole
756 2677 879 2741 calente
895 2678 1010 2755 decus3

303 2779 380 2845 Non
395 2780 457 2844 alia
472 2779 606 2844 Octobri
621 2779 743 2863 lampas
757 2778 923 2863 praelucet
938 2779 1038 2855 eunti,

346 2881 424 2948 Non
438 2881 500 2946 alia
516 2881 600 2965 cingi
615 2880 729 2945 fronde
746 2881 927 2944 December
940 2891 1035 2945 amat.

305 3119 476 3184 Montibus
490 3119 525 3183 in
539 3117 614 3183 solis
629 3118 853 3204 splendescens
867 3128 975 3203 captat
987 3118 1072 3180 crica

347 3221 492 3300 Flamen,
509 3233 543 3285 et
557 3222 677 3286 auratis
691 3221 779 3286 lenta
792 3221 918 3306 genista
932 3221 1049 3297 comis,

307 3324 430 3388 Pascua
444 3324 576 3387 odorato
593 3333 808 3408 conspergunt
822 3322 891 3386 lilia
905 3323 995 3400 flatu,

350 3427 395 3490 Et
408 3426 524 3491 violam
538 3426 572 3490 in
586 3424 718 3490 latebris
732 3448 870 3490 concava
883 3425 974 3490 vallis
988 3425 1056 3490 alit.

308 3663 383 3727 Flos
397 3674 504 3727 tamen
517 3663 571 3726 hic
585 3663 693 3726 audax
709 3663 806 3728 eolles
821 3665 1014 3742 conscendit,
1031 3686 1132 3748 opaco

352 3764 511 3828 Conditur
523 3763 559 3827 in
573 3763 667 3841 saltu,
684 3773 795 3848 tesqva
808 3765 942 3829 reducta
957 3776 1056 3841 tenet,

308 3861 410 3929 Ludit
424 3865 463 3929 ad
478 3863 640 3931 inclusum
651 3874 823 3950 praetexto
838 3867 981 3950 margine
994 3868 1110 3944 rivum,

352 3967 471 4054 Vulpis
486 3977 520 4031 et
534 3978 609 4031 ante
625 3990 715 4031 cavas
731 3970 853 4033 exserit
867 3990 923 4032 ora
937 3969 1058 4034 domos.
