3250 4692
571 430 754 481 SABRINAE
772 430 947 480 COROLLA.

300 801 524 877 Desiderium
543 802 716 877 Samuelis
737 800 906 899 Episcopi
925 801 1213 898 Liclfieldierasis.

297 1001 427 1085 Ergone
441 1001 489 1065 nil
502 1002 604 1086 pietas
618 1000 770 1065 letalibus
784 1000 901 1064 eximit
918 1000 1039 1063 umbris
1053 1003 1066 1065 ἲ

342 1101 444 1165 Nulla
458 1102 544 1187 fugit
557 1111 693 1166 mortem
707 1102 821 1186 gratia,
838 1101 947 1166 nullus
961 1102 1090 1166 bonor?

298 1203 360 1267 Est
372 1204 436 1282 ita;
462 1216 566 1289 teqve‚
584 1205 681 1267 decus
695 1204 828 1289 patriae,
845 1204 1038 1269 doctissumo
1054 1204 1197 1280 Praesul‚

343 1305 499 1391 Abripuit
513 1328 605 1369 saeva
618 1306 718 1370 Parca
731 1305 871 1391 maligna
884 1329 991 1371 manu.

298 1406 432 1472 Flebilis
447 1407 572 1471 Aoniae
588 1406 696 1472 luctus
709 1408 793 1472 male
807 1409 959 1495 convenit
973 1409 1044 1486 arti,

341 1510 469 1575 Maesta
481 1520 578 1595 negat
591 1510 716 1575 luctum
731 1511 829 1576 Musa
841 1511 959 1576 referre
974 1534 1078 1576 suum.

299 1615 347 1678 At
360 1613 451 1678 velut
465 1614 614 1678 obscurat
629 1625 724 1678 cauto
738 1614 895 1678 velamine
907 1614 1013 1699 pictor

341 1716 479 1801 Fingere
493 1737 572 1801 qvae
586 1714 678 1778 nullo
694 1715 809 1779 dextra
824 1714 929 1791 colore
944 1715 1039 1793 valet,

299 1819 353 1883 Sic
368 1841 438 1903 ego,
456 1840 532 1902 qvas
546 1839 671 1902 neqveo
685 1817 854 1904 complecti
870 1818 1008 1882 carmine
1023 1817 1144 1896 laudes,

341 1921 420 1986 Plus
434 1930 542 1985 tamen
557 1920 698 2005 ingenuo
715 1920 815 1985 tristis
830 1943 937 1985 amore
953 1920 1066 1986 colam.

300 2023 435 2089 Publica
449 2024 515 2089 vita
528 2024 611 2103 fuit3
634 2024 746 2088 mortis
761 2044 886 2109 qvoqve
900 2023 1050 2109 publicus
1065 2046 1182 2109 angor3

343 2126 504 2191 Omnibus
518 2136 568 2191 est
580 2126 668 2190 idem
682 2126 803 2192 clamve
818 2126 963 2210 palamve
979 2126 1079 2191 dolor.

299 2228 418 2292 Audiit
430 2229 575 2294 insuetae
589 2228 760 2314 strepitum
774 2228 910 2293 Sabrina
925 2227 1080 2314 qverelae,

341 2333 470 2412 Audiit,
488 2342 522 2396 et
536 2334 616 2396 fletu
631 2332 752 2398 labitur
766 2343 861 2396 aucta
874 2354 944 2395 suo.

298 2434 405 2499 Fallor
419 2458 460 2499 an
475 2446 509 2499 et
522 2434 620 2501 valles
633 2435 799 2520 rigidoque
815 2435 978 2499 cacumine
992 2446 1118 2499 montes

343 2536 496 2601 Conscius
511 2536 637 2623 abrepti
651 2559 775 2601 maeror
788 2537 919 2601 honoris
934 2537 1057 2601 babet?

299 2638 467 2705 Graminei
482 2637 598 2717 fontes,
615 2638 642 2701 si
656 2661 803 2725 promere
819 2640 916 2704 verbe
930 2640 1068 2717 daretur,

341 2742 477 2829 Ipsaqve
492 2741 519 2805 si
534 2750 666 2827 possent
679 2742 793 2806 florida
807 2754 900 2826 prata
914 2742 1013 2828 loqvi‚

297 2845 482 2931 Inciperent
495 2845 612 2930 passim
627 2855 764 2909 maestos
779 2846 945 2911 effundere
961 2859 1084 2924 cantus,

340 2948 386 3011 Et
399 2970 458 3011 sua
471 2946 619 3013 lamentis
632 2948 750 3012 addere
765 2948 852 3013 dicta
866 2950 955 3013 meis.

298 3050 431 3135 Illaqve,
448 3074 506 3115 ceu
521 3051 628 3135 plorat
642 3052 821 3136 genitorem
835 3052 903 3116 filia
916 3063 1056 3138 raptum,

340 3152 410 3217 Ceu
425 3153 489 3217 cari
503 3154 625 3217 coniux
640 3153 786 3239 coniugis
803 3156 883 3219 orba
897 3155 997 3233 dolet,

297 3255 360 3320 Illa
375 3256 587 3320 Camenarum
601 3256 692 3319 sedes
706 3256 889 3321 clarissuma
903 3256 1002 3342 pullis

342 3358 484 3442 Ingemit
497 3358 669 3444 abreptum
684 3360 828 3423 vestibus
843 3382 901 3425 usa
914 3369 1047 3444 petrem.

298 3459 350 3524 Tu
365 3483 488 3547 qvoqve
502 3461 637 3527 funereo
652 3486 775 3541 resona,
792 3486 865 3529 mea
878 3463 1015 3543 barbite,
1032 3475 1139 3542 cantu,

341 3562 386 3625 Et
401 3586 503 3627 novus
517 3564 676 3629 adcendat
690 3566 819 3650 torpida
832 3565 887 3630 fila
901 3565 996 3631 calor.

298 3663 389 3727 Haec
404 3664 476 3743 tibi,
493 3665 586 3730 dulce
601 3677 708 3752 caput,
726 3677 889 3732 tantarum
904 3668 1045 3754 praemia
1058 3667 1192 3734 laudum

341 3765 482 3832 Tantulo
495 3768 560 3833 fert
574 3770 677 3854 pietas
692 3780 727 3835 et
740 3770 939 3837 lacrumosus
954 3794 1052 3837 amor.

298 3868 328 3934 Ο
344 3870 400 3933 ubi
415 3892 505 3934 mens
518 3872 662 3956 gravium
678 3874 876 3940 moderatrix
890 3876 1016 3939 aemula
1030 3898 1135 3940 rerum
1149 3878 1162 3941 2

340 3970 370 4034 Ο
385 3973 442 4037 ubi
457 3972 604 4038 maiestas
619 3976 736 4040 indolis
750 3976 805 4041 illa
823 3978 922 4041 tuae?
