3250 4692
565 441 749 494 SABRINAE
766 440 942 492 colione
1209 441 1255 489 311

471 840 569 912 Γνῶθι
587 844 636 912 νῦν
653 834 713 911 τᾶν
733 833 897 911 Οἰδιπόδα
915 838 1040 929 σοφίαν.

298 1022 415 1087 Totius
429 1023 551 1088 eximio
565 1024 664 1088 iactas
679 1034 711 1086 te
725 1024 866 1087 robore?
888 1020 1017 1105 ineptis.

342 1126 434 1191 Idem
448 1126 542 1211 sapis,
555 1126 583 1190 si
599 1126 744 1190 Primum
758 1126 868 1191 habes.
943 1124 950 1137 '

283 1226 442 1294 'Intereat
457 1228 621 1293 Primum:
646 1227 723 1314 qvid
737 1228 794 1291 fiet
809 1227 946 1311 deniqve
962 1224 1071 1290 Toto?

341 1331 470 1416 Nempe
484 1331 519 1395 in
534 1331 721 1395 Secundum
735 1330 882 1395 vertitur.

299 1658 445 1724 Primum
459 1669 586 1746 tepores
600 1660 726 1738 educat,
741 1682 839 1738 rosas,
854 1658 956 1723 risus:

299 1762 409 1826 Cereri
426 1761 575 1827 Secundo
590 1762 705 1842 facite3
729 1785 804 1826 nam
817 1773 914 1826 nocet
928 1760 1056 1824 Primo:

298 1865 351 1929 De
365 1865 460 1930 laude
476 1865 578 1931 Primi
592 1888 688 1929 nemo
701 1887 767 1929 non
781 1864 859 1929 facit
875 1862 1007 1928 Totum.
1120 1948 1146 2005 R
1170 1948 1191 2007 S

299 2208 417 2274 Omnia
430 2209 493 2273 vici
507 2208 603 2274 olim:
627 2208 655 2272 si
668 2207 846 2286 inveneris,
862 2206 969 2271 omnia
982 2205 1086 2270 vinco.

301 2549 387 2615 Sunt
398 2549 525 2614 litterae
537 2559 613 2627 tres,
629 2549 726 2613 verba
741 2549 830 2634 qveis
843 2548 928 2611 fiunt
943 2548 1008 2611 duo

345 2652 417 2716 Sibi
428 2652 566 2716 invicem
581 2652 757 2716 contraria:

301 2754 389 2823 Qvas
404 2755 458 2841 qvi
473 2754 613 2833 docebis,
629 2754 718 2819 haud
730 2754 831 2818 latine
846 2763 884 2817 tu
899 2754 1026 2840 qvidem

345 2858 411 2922 Sed
425 2859 559 2922 barbare
573 2858 772 2923 laudaberis:

302 2960 522 3026 Trilitteratus
535 2960 646 3025 audies
659 2959 827 3024 lubentius

345 3063 450 3131 Qvam
463 3060 645 3127 litterarum
657 3061 707 3126 vir
721 3062 830 3127 trium.

304 3426 415 3493 cauda
427 3424 504 3489 viris
518 3446 613 3488 curae
627 3431 677 3487 est
689 3422 725 3486 in
738 3420 837 3500 bello,
852 3420 887 3485 in
901 3442 979 3505 pace
993 3419 1132 3505 puellis:

367 3528 470 3593 Laese
485 3527 582 3592 Ceres
596 3525 666 3590 odit
680 3525 802 3610 Meqve
816 3545 988 3610 meumqve
1005 3522 1122 3609 Caput.

670 3737 820 3750 —

305 3891 425 3957 Totum
438 3913 535 3977 pone,
550 3890 652 3955 iacet:
678 3888 786 3974 Caput
799 3886 901 3967 aufer,
916 3908 976 3973 per
989 3906 1103 3950 nemus
1118 3892 1220 3950 errat:

370 3994 513 4059 caudam
529 3994 632 4071 deme,
647 3991 748 4058 viret:
772 3990 907 4056 Viscera
920 3987 1010 4067 tolle,
1026 3995 1127 4051 senet.
