3250 4692
553 418 736 467 SABRINAE
754 420 929 471 COROLLA.

669 742 805 818 Annus.

325 924 458 987 Annum
475 948 570 1010 qvom
585 926 672 990 varia
686 926 878 1010 dispositum
893 928 961 991 vice

324 1026 469 1092 Mirabar
484 1030 602 1113 cupido
616 1029 739 1094 lumine
754 1029 918 1114 parvulus,

387 1130 547 1215 Sponderi
562 1131 641 1194 mihi
656 1132 723 1194 visa
737 1143 786 1195 est

452 1233 588 1296 Aeterni
603 1233 701 1296 series
715 1234 803 1298 boni.

320 1471 390 1538 Ver
404 1472 483 1537 caeli
498 1471 615 1536 cecinit
627 1472 763 1556 gaudia3
786 1494 851 1536 non
869 1473 964 1537 Canis

321 1576 463 1638 Aestatis
477 1597 604 1639 roseum
618 1575 797 1659 praeripuit
810 1575 926 1653 decus;

386 1676 456 1740 Nec
471 1677 519 1740 sol
532 1676 601 1761 ipse
615 1686 743 1760 rogatas

452 1779 575 1843 Invidit
589 1778 676 1843 foliis
690 1802 804 1842 moras.

318 2016 488 2080 Venerunt
503 2017 648 2082 Charites
663 2029 819 2104 quattuor
833 2029 866 2083 et
880 2020 949 2083 vice

318 2118 500 2182 Discessere
515 2119 599 2184 cita:
623 2120 680 2183 sed
693 2143 795 2205 puero
810 2122 922 2186 breves

384 2220 493 2285 Saltus
506 2222 591 2285 inter
605 2223 721 2287 amoris

446 2322 569 2407 Pignus
584 2346 725 2410 qvaeqve
741 2326 818 2389 tulit
832 2348 936 2390 suum.

318 2559 367 2624 Ut
380 2581 469 2623 versa
483 2570 533 2624 est
545 2560 685 2645 species!
732 2561 781 2626 Ut
794 2562 942 2647 rapidum
957 2583 1071 2646 seqvor

318 2662 453 2727 Annum
467 2662 523 2726 vix
538 2662 639 2726 oculis
654 2662 896 2728 deficientibus!

383 2763 499 2842 Pallet,
515 2764 671 2848 praeterit
684 2764 788 2828 omnis

448 2866 625 2929 Subsidens
640 2866 782 2930 tenebris
797 2865 894 2931 color.

315 3104 533 3171 Auctumnaie
547 3105 642 3170 iubar
657 3105 732 3192 qvid
748 3128 862 3184 morer,
878 3116 935 3169 aut
949 3128 1026 3192 opes

314 3208 449 3287 Vernae,
466 3220 524 3272 aut
536 3209 652 3272 hiemis
666 3208 801 3272 concilia
816 3218 849 3273 et
863 3208 999 3273 choros?

381 3311 439 3376 Nil
455 3311 652 3376 Octobribus
665 3310 753 3374 horis

445 3414 564 3491 Maiae,
580 3412 628 3476 nil
640 3412 769 3476 brevior
783 3412 851 3477 dies

314 3654 427 3738 Longo
443 3652 610 3738 discrepat.
657 3652 687 3715 Ο
701 3675 774 3738 pars
788 3652 903 3716 melior
916 3652 990 3731 mei,

313 3756 387 3823 Qvo
402 3768 435 3820 te
451 3767 537 3820 terra
549 3756 626 3819 beat
640 3777 784 3834 munere,
801 3777 864 3841 qvo
879 3754 951 3819 cibo

378 3860 507 3924 Pascit?
551 3859 642 3923 Num
657 3859 786 3943 fugitivi

443 3962 573 4027 Menses
588 3972 620 4025 te
635 3962 797 4025 dominam
811 3962 949 4026 vocant?

703 4084 725 4127 1(
742 4084 764 4127 x
