3250 4692
564 426 747 476 SABRINAE
766 427 941 477 COROLLA.

539 931 711 1004 Indicium
723 933 965 1028 propinqvum.

294 1131 472 1195 Consenuit
487 1131 583 1195 tellus
597 1131 796 1215 fugitivaqve
810 1132 928 1215 gaudia
942 1133 1034 1217 ponit
1046 1158 1054 1207 ;

295 1233 472 1297 Consenuit
486 1234 599 1297 mundi
614 1255 678 1296 non
691 1233 754 1296 iarn
770 1233 923 1297 durabilis
938 1234 1026 1309 ordo,

295 1335 482 1413 Consenuit,
498 1347 650 1420 vastoqve
665 1334 769 1398 omnis
784 1344 904 1399 terrore
919 1335 1083 1411 tremiscit,

295 1440 383 1503 Dum
399 1439 446 1502 vis
460 1437 580 1502 iudicio
595 1437 708 1501 crescit
722 1439 870 1501 veniente
887 1438 1043 1502 dolorum.

296 1539 440 1604 Pallidus
455 1539 600 1603 adtonito
615 1538 790 1623 langrescit
803 1540 839 1601 in
851 1539 980 1603 aethere
996 1540 1091 1603 Titan
1104 1566 1112 1617 ;

295 1641 399 1706 Vallis
413 1642 512 1705 habet
527 1642 617 1705 tenui
631 1641 813 1705 minuentes
828 1641 927 1704 ubere
943 1640 1087 1719 fructus3

296 1743 496 1807 Horrescnnt
509 1753 631 1828 gentes,
648 1742 815 1827 depressae
831 1742 927 1806 corda
941 1743 1067 1821 timore,

295 1845 391 1912 Qvod
405 1868 491 1910 nunc
506 1845 663 1910 iudicium
678 1845 798 1909 mundo
815 1857 947 1909 canente
962 1846 1165 1931 propinqvat.

295 1948 335 2012 In
350 1947 430 2012 solio
444 1948 602 2033 princeps,
619 1948 679 2011 sub
694 1969 829 2011 amoeno
845 1947 985 2031 tegmine
1000 1959 1112 2032 nupta,

295 2052 424 2116 Gaudia
439 2052 621 2136 deponunt:
648 2062 769 2114 maeret
783 2050 907 2114 deiecta
922 2049 1100 2135 Voluptas3

295 2154 469 2239 Deperiere
483 2177 572 2218 rosae
584 2181 591 2230 ;
616 2162 758 2217 marcent
772 2152 980 2237 Bacchusqve
997 2152 1165 2236 Ceresqvc‚

295 2258 458 2322 Iudicium
473 2258 593 2321 mundo
609 2279 703 2341 qvom
718 2258 782 2320 iam
798 2268 931 2319 canente
944 2256 1148 2341 propinqvet.

295 2359 472 2423 Consenuit
486 2359 643 2437 mundus;
668 2359 743 2443 qvid
757 2381 826 2435 nos,
843 2358 898 2441 pia
912 2358 1016 2435 corda,
1034 2380 1213 2443 qveramur‚

296 2463 405 2527 Gnara
420 2460 532 2525 cohors
546 2462 639 2538 vitae,
656 2483 714 2524 nec
728 2460 826 2524 rebus
841 2460 970 2524 credula
984 2461 1096 2524 vanis?

295 2564 395 2631 Qveis
410 2562 532 2627 caelum
548 2564 635 2627 cordi
651 2572 708 2639 est,
726 2562 815 2647 qveis
830 2584 894 2625 non
910 2562 1070 2626 terrestria
1086 2572 1179 2637 tecta,

295 2665 400 2729 Nobis
414 2664 534 2729 iudicio
549 2664 604 2728 dat
617 2685 689 2749 spes
702 2664 849 2727 veniente
865 2686 1022 2727 coronam.

1158 2766 1195 2821 K.

635 3570 873 3667 Epitaphium.

424 3770 572 3856 Expecta
585 3771 668 3835 vitae
684 3772 842 3836 consitum
858 3770 957 3855 spinis
972 3770 1033 3833 iter

426 3872 550 3936 Clausit
564 3872 717 3936 tenellum
733 3873 841 3936 lumen
855 3882 889 3934 et
903 3871 984 3934 vidit
999 3870 1117 3935 Deum.

1159 3973 1195 4028 K.
