3250 4692
591 435 773 484 SABRINAE
792 433 970 484 COROLLA.

278 603 338 668 Illa
350 614 464 689 patent
478 604 544 669 late
559 616 654 690 atqve
668 605 703 668 in
718 628 752 668 se
766 604 914 668 revoluta
926 605 1082 682 residunt,

276 704 506 791 Ingentemqve
520 708 645 772 aditum
659 707 809 794 pandunt
822 707 864 770 ad
878 707 973 770 inane
987 707 1196 792 profundum,

277 806 442 871 Horribile
456 809 621 893 adspectu.
655 810 802 893 Fugiunt
816 808 987 872 formidine
1002 820 1107 888 retro;

277 908 366 972 Pone
381 919 488 973 tamen
501 911 645 994 graviora
659 911 797 974 instant:
823 911 862 973 de
876 909 980 974 limite
995 910 1075 974 caeli

276 1008 365 1073 Dant
379 1034 412 1074 se
426 1011 636 1095 praecipites:
661 1012 717 1076 sed
731 1011 992 1075 inexsaturabilis
1006 1013 1055 1076 ira

276 1112 381 1177 Ardet
395 1115 499 1178 adhuc
513 1115 656 1199 imasqve
670 1114 770 1177 Erebi
787 1124 928 1177 sectatur
942 1114 976 1176 in
990 1115 1128 1180 umbras.

340 1216 458 1280 Audiit
472 1217 667 1280 horrendum
682 1217 773 1280 sedes
787 1216 915 1280 inferna
928 1215 1098 1300 fragorem,

275 1318 327 1381 De
343 1320 491 1405 caeloqve
506 1342 603 1383 ruens
618 1320 741 1383 caelum
757 1318 938 1403 conspexit,
956 1329 989 1382 et
1003 1319 1084 1382 imos

276 1419 466 1488 Quaesierat
479 1444 628 1507 percussa
643 1444 726 1486 nova
739 1421 911 1484 formidine
927 1431 1067 1500 tractus;

276 1522 321 1586 Ni
335 1524 472 1587 nimium
487 1525 610 1587 inmoto
626 1523 732 1608 nigras
746 1523 935 1587 fundamine
950 1523 1040 1586 sedes

275 1625 349 1690 Hoc
364 1638 511 1691 metuens
524 1628 651 1691 iecisset
665 1626 872 1690 ineluctabile
887 1626 1001 1703 fatum,

274 1729 392 1793 Vincla
405 1752 502 1814 super
516 1730 652 1792 nimium
667 1740 754 1793 arcta
769 1729 898 1792 addens.
944 1727 1144 1793 Labeutibus
1157 1729 1226 1794 ibat

275 1831 371 1895 Nona
386 1833 462 1896 dies.
502 1831 607 1896 Chaos
622 1832 732 1895 audita
746 1831 872 1914 mugire
887 1830 981 1893 ruina

275 1934 531 2021 Adtonitumqve
547 1934 803 2018 decemgemiuos
818 1933 951 1997 sensisse
967 1933 1126 1997 tumultus

276 2036 338 2101 Per
353 2039 510 2103 discordia
523 2062 620 2124 regna
634 2038 805 2123 plagasqve
821 2037 890 2101 sine
906 2037 1017 2101 ordine
1032 2038 1136 2102 fusas:

275 2140 396 2204 Tantae
411 2142 524 2226 stragis
540 2150 607 2205 erat
620 2150 709 2204 vasta
723 2139 783 2203 sub
798 2138 883 2202 mole
897 2149 1073 2222 gravatum.

276 2241 418 2307 Tandem
432 2244 560 2308 Erebus
574 2265 689 2325 magno
704 2243 847 2325 integros
861 2242 989 2326 adcepit
1001 2242 1104 2319 hiatu,

275 2343 500 2430 Adceptosqve
516 2345 587 2407 sinu
603 2344 735 2408 clausit:
753 2366 811 2406 nec
827 2342 947 2407 talibus
961 2344 1063 2408 ullum

275 2446 396 2530 Aptius
409 2447 605 2532 hospitium
628 2467 791 2530 nunqvam
805 2445 858 2508 hic
874 2445 1026 2508 desaeviit
1040 2447 1134 2512 ardor

275 2546 412 2632 Igneus;
436 2548 489 2613 hic
503 2571 639 2634 posuere
655 2547 775 2612 cubilia
789 2547 897 2611 luctus
912 2558 946 2611 et
959 2571 1067 2633 angor.

1030 2652 1068 2708 H.
1082 2653 1119 2710 A.
1134 2654 1162 2711 J.
1177 2655 1218 2711 M.

631 2947 738 3020 Mens
756 2947 918 3020 divinior.

319 3116 471 3180 Mortuus
486 3125 535 3178 est
548 3136 724 3200 superaqve
740 3115 877 3179 excessit
890 3115 981 3179 luce:
1005 3116 1135 3181 refrixit

404 3219 468 3282 Cor
482 3239 586 3302 nuper
600 3217 641 3281 ah
656 3240 750 3302 qvam
765 3217 943 3282 fervidum!

318 3321 438 3384 Obruit
452 3331 521 3384 atra
535 3321 624 3405 qvies
639 3320 723 3384 oculi
738 3321 938 3406 penetrabile
952 3321 1080 3407 fulgur:

404 3422 493 3489 Qvid
506 3424 622 3509 plura?
665 3423 763 3487 Dicta
776 3423 888 3488 fabula
902 3434 960 3488 est.

317 3608 418 3675 Venit
432 3631 540 3673 amans
556 3609 640 3674 veri:
666 3609 775 3674 docuit
789 3610 968 3696 praeclara:
993 3612 1160 3675 docentem

404 3711 560 3797 Sprevcre
576 3712 658 3775 cives
672 3712 811 3776 sordidi:

318 3813 372 3878 Sic
385 3813 476 3878 labor
490 3812 619 3877 effluxit
631 3836 740 3878 vanus.
787 3815 884 3879 Nunc
898 3814 985 3879 illius
997 3815 1102 3902 inplet

404 3915 531 3980 Natura
545 3917 676 3981 crassior
690 3917 807 3983 locum.

769 4104 787 4147 C
