3250 4692
595 442 778 494 SABRINAE
796 446 971 496 COROLLA.

615 744 774 818 Martini
793 745 945 820 Festum.

453 919 589 984 Martini
603 921 699 984 rediit
714 944 857 986 sacrum:
881 923 1019 988 fluentes

452 1021 594 1106 Tempus
609 1023 758 1087 cervisiae
773 1024 841 1087 dari
856 1024 1001 1088 culullos.

452 1121 539 1188 Qvid
553 1123 580 1185 si
594 1135 707 1206 pergat
719 1124 822 1188 hiems
836 1124 876 1188 ab
892 1147 963 1189 arce
979 1125 1058 1189 caeli

452 1225 586 1310 Semper
600 1224 772 1290 deciduum
785 1248 914 1290 movere
929 1227 1053 1293 solem?

450 1327 556 1391 Nobis
571 1338 645 1390 ante
660 1326 749 1392 focos
764 1329 827 1392 erit
840 1329 1038 1406 sedendum3

450 1428 520 1492 Nos
533 1428 669 1492 flammis
684 1429 917 1513 crepitantibus
930 1429 1078 1494 fruemur

451 1529 564 1594 Securi
579 1530 763 1615 niviumque
779 1531 1020 1616 flaminumqve‚

449 1630 585 1695 Martini
599 1632 755 1696 redeunte
769 1633 843 1697 luce
857 1634 950 1698 festa.

445 1834 508 1898 Est
522 1835 575 1920 qvi
591 1857 676 1898 nunc
691 1836 829 1899 mediam
843 1835 1026 1921 frequentat
1040 1836 1165 1916 urbem,

447 1937 519 2005 Qva
532 1961 669 2024 pompae
684 1949 719 2002 et
733 1938 874 2004 celebres
888 1940 1008 2025 ubique
1026 1939 1096 2003 ludi

446 2039 578 2104 Fallunt
593 2040 710 2104 desidis
727 2040 867 2125 Hesperi
881 2064 1015 2126 vapores

446 2141 568 2220 Mimia,
585 2142 740 2220 saltubus,
757 2142 907 2206 omnibus
922 2142 1103 2208 cachinnisr

447 2242 547 2323 Quae,
564 2245 684 2328 regina,
700 2245 762 2308 tibi
776 2245 869 2309 fuere
884 2245 985 2324 cordi,

445 2344 552 2412 Qvom
566 2347 683 2410 nostris
700 2347 795 2410 modo
808 2346 946 2412 lusubus
959 2347 1100 2412 favebas.

444 2447 494 2512 At
508 2471 573 2512 non
586 2449 755 2513 immemor
768 2449 821 2513 hic
835 2450 914 2513 boni
928 2449 1005 2527 diei,

445 2549 606 2614 Martinus
621 2551 683 2614 sibi
697 2573 790 2635 qvem
804 2574 929 2616 sacrum
945 2552 1073 2618 dicavit.

445 2753 525 2817 Post
538 2753 642 2831 ludos,
658 2754 799 2818 abeunte
814 2753 892 2832 sole,
908 2755 1029 2818 circum

445 2855 618 2918 Cursantes
632 2855 777 2920 titubant
791 2878 919 2919 crucem
933 2856 1094 2920 forensem

418 3005 420 3009 -
444 2957 527 3022 Cum
543 2957 734 3023 saltantibus
749 2958 831 3022 ebrii
844 2957 962 3042 puellis

444 3058 587 3123 Bibones
602 3081 780 3144 operaeque
794 3060 924 3125 feriati:

443 3162 543 3229 Qveis
557 3185 658 3226 seram
671 3163 776 3248 gravis
789 3163 990 3249 impigerque
1003 3172 1111 3227 custos

443 3263 637 3349 Campanam
651 3265 792 3329 monitor
806 3265 931 3350 qvatit:
955 3265 1132 3351 iubentqve

442 3365 512 3430 lam
527 3389 595 3431 sese
608 3389 691 3452 puer
703 3368 841 3432 invicem
856 3378 890 3432 et
903 3367 1014 3454 puella

440 3467 638 3555 Martiniqve
652 3469 786 3536 hilarem
799 3470 905 3536 valere
919 3478 1057 3535 noctem.

439 3672 638 3759 Martiuiqve
651 3674 770 3739 iterum
784 3675 853 3739 dies
866 3674 996 3752 redibit,

440 3777 592 3845 Qvamvis
604 3779 705 3842 flabra
717 3779 829 3844 furunt
841 3778 992 3864 nivesque
1007 3787 1042 3842 et
1054 3776 1183 3843 imbres.

443 3878 508 3942 Sed
522 3879 603 3943 fient
615 3881 821 3944 memoranda
834 3880 947 3958 multa,
963 3878 1060 3943 multi

441 3979 583 4047 Stabunt
596 3981 758 4048 iudicibus
772 3983 949 4067 cadentque
965 4002 1081 4058 coram,
