3250 4692
578 435 762 485 SABRINAE
781 436 958 485 COROLLA.

396 608 444 671 At
459 615 571 669 coetus
584 604 743 670 lemurum
759 607 824 670 tuis

437 708 626 773 Nocturnus
640 708 786 774 thalamis
800 709 1016 775 insidiabitur.

326 915 376 979 M.
400 914 505 979 Nobis
519 912 620 977 altera
633 915 779 999 nupserit

440 1015 543 1079 instar
556 1037 672 1100 sponsa
686 1017 746 1093 tui,
763 1015 902 1096 Nannia,
919 1017 1065 1095 Nannia3

397 1118 450 1182 Sic
466 1118 535 1182 diro
550 1117 711 1183 lemurum
725 1129 816 1183 metu

437 1221 520 1284 Cum
535 1221 613 1285 totis
626 1220 754 1306 fugient
768 1222 897 1306 agmina
910 1221 1060 1286 Tartaris.

1171 1327 1209 1384 K.

694 1439 849 1452 fl———au—

636 1588 753 1685 Carpe
772 1586 893 1661 Diem.

310 1757 407 1837 Qvid,
423 1779 495 1821 mea
509 1755 629 1841 Phylli,
645 1757 734 1821 iuvat
748 1755 861 1840 longos
876 1755 1004 1819 differre
1017 1778 1077 1842 per
1090 1779 1190 1821 annos

352 1859 482 1923 Gaudia
495 1858 663 1944 praecipiti
677 1857 728 1922 vel
743 1857 891 1921 breviora
905 1857 980 1921 diet

311 1962 346 2026 Si
360 1960 504 2025 licuisset
518 1961 603 2024 enim
619 1960 727 2039 vitam,
745 1961 831 2046 qvod
844 1959 912 2024 fata
925 1973 1095 2044 negarunt,

352 2063 449 2128 Ultra
463 2086 625 2128 concessas
640 2065 756 2128 ducere
771 2076 856 2127 sorte
871 2063 968 2141 colos,

308 2165 424 2230 Forma
439 2177 545 2231 umen
559 2166 661 2231 veluti
676 2176 789 2230 tenues
802 2166 890 2250 fugit
906 2168 1021 2231 umbra
1033 2190 1092 2253 per
1106 2191 1207 2247 auras,

351 2267 398 2332 Et
411 2268 506 2332 citius
521 2290 613 2353 qvam
628 2291 686 2332 nos
700 2268 785 2332 laeta
799 2268 932 2332 iuventa
944 2270 1040 2355 perit.

310 2371 345 2435 Si
359 2370 498 2435 iuvenile
514 2371 621 2451 decus,
637 2371 765 2455 gracilis
779 2372 806 2435 si
820 2371 924 2436 forma
938 2385 1091 2451 maneret,

354 2473 402 2538 At
416 2473 511 2537 celeri
525 2496 632 2559 penna
646 2473 820 2558 transfugit
833 2485 924 2538 actus
939 2475 1052 2540 Amor.

310 2577 408 2642 Ocior
422 2577 475 2640 hic
489 2577 617 2661 rapidas
630 2589 738 2641 movet
752 2577 823 2662 ipso
839 2577 998 2664 Tempore
1013 2578 1156 2664 plumas3

307 2728 313 2740 .
352 2679 464 2743 Mutat
478 2679 582 2743 Amor
597 2678 677 2742 caeli
690 2701 789 2764 regna
801 2702 860 2764 per
874 2679 940 2744 alta
952 2680 1054 2758 vices3

308 2781 364 2860 Et,
381 2780 433 2845 cui
447 2781 491 2845 nil
506 2781 595 2847 aliud
610 2783 737 2847 varium
752 2794 786 2847 et
799 2783 966 2861 mutabile,
982 2806 1077 2868 saepe

355 2883 515 2948 Motubus
529 2883 659 2948 alternis
674 2884 744 2948 odit
758 2896 905 2970 amatque
921 2886 1011 2949 deus.

309 2985 408 3066 Hinc,
425 3008 496 3051 mea
510 2985 630 3071 Phylli,
648 2987 760 3065 oritur,
777 2986 804 3051 si
819 2987 866 3050 vis
881 2986 960 3051 mihi
974 2988 1112 3068 credere,
1128 2999 1235 3054 nostra

353 3089 491 3154 Pectora
504 3088 637 3153 iucundi
653 3088 805 3174 qvidqvid
821 3089 937 3152 amoris
950 3088 1081 3155 habent.

310 3190 416 3256 Nobis
430 3191 511 3256 scire
525 3191 625 3270 nefas,
641 3214 701 3256 nec
715 3193 790 3270 iam,
805 3214 877 3256 mea
891 3192 967 3270 vita,
982 3215 1141 3277 rogemus,

353 3293 418 3361 Qvi
433 3293 514 3358 mihi
529 3293 671 3371 versarit,
688 3294 742 3377 qvi
757 3293 818 3357 tibi
832 3303 946 3379 pectus
959 3317 1065 3359 amor:

309 3396 414 3463 Qvem
428 3398 524 3461 modo
538 3395 644 3460 fallaci
660 3406 695 3460 tu
711 3419 767 3482 spe
781 3396 909 3461 lactaris
923 3408 1093 3475 amantem,

351 3501 442 3567 Quae
456 3500 557 3564 fuerit
571 3499 676 3564 verbis
691 3510 784 3584 capta
798 3499 908 3585 puella
920 3501 1010 3578 meis,

308 3601 408 3666 Astra
421 3601 497 3666 satis
512 3612 649 3680 norunt;
674 3602 768 3666 astris
782 3603 945 3687 permitte,
963 3603 1040 3687 qvid
1052 3603 1121 3688 ipsa

352 3703 438 3768 Mox
453 3704 561 3782 facias,
578 3714 612 3767 et
627 3727 709 3789 quae
724 3705 789 3768 sint
801 3704 947 3769 iacienda
960 3704 1050 3768 mihi.

308 3807 471 3891 Tempora
485 3807 562 3892 qvid
574 3805 652 3870 laeti
666 3807 760 3871 nobis
773 3807 955 3892 praesentia
969 3808 1091 3871 donent

352 3908 404 3972 Sit
418 3908 481 3973 tibi
494 3931 582 3972 nunc
596 3908 745 3986 monitor,
762 3909 805 3972 sit
818 3908 909 3988 mihi,
924 3909 1011 3973 solus
1025 3930 1123 3972 amor.

1074 4011 1108 4067 E.
1123 4008 1164 4064 M.
1180 4007 1211 4064 G.
