3250 4692
570 427 752 476 SABRINAE
771 427 949 476 COROLLA.

696 732 816 808 Ῥόδον.

470 899 624 966 Ἂπαλδν
637 900 794 989 λόχευμα
809 902 930 982 κήπου,

473 1005 540 1071 ὅσα
555 1005 675 1093 φύεται
689 1004 860 1088 νγλύκιστα

474 1106 613 1195 ἔδρεπον
625 1107 687 1191 μὲν
702 1107 800 1196 ἐχθὲς
815 1106 909 1187 ἄνθη·

473 1211 631 1276 πετάλων
645 1209 672 1274 δ’
689 1209 815 1276 ἔσωθεν
830 1208 917 1276 εἶδον

471 1312 605 1400 ῥοδινῶν
621 1311 758 1380 ὑπνῶντ’
769 1312 911 1400 Ἔρωτα.

473 1419 654 1503 κροτάφοις
667 1415 729 1500 μὲν
743 1417 962 1504 άμφιπλέξας

476 1519 701 1605 στεφανίσκον
716 1516 788 1608 εἶχε
804 1519 920 1603 καλόν,

475 1620 734 1703 πολυδαίδαλον,
751 1618 897 1709 φαεινόν·

477 1723 713 1812 ὑποπόρφυρος
728 1723 756 1789 δ’
774 1723 829 1790 ὑπ’
846 1726 937 1814 αὐτῷ

474 1827 628 1894 άλέαινεν
641 1826 662 1907 ἡ
677 1826 811 1914 παρείσ,

474 1927 677 2012 ηεγανυμένη
694 1927 858 2016 δρόσοισι·

474 2032 552 2120 χερὶ
568 2029 595 2096 δ’
612 2029 683 2097 αὕτ’
701 2031 806 2114 ἔγωγε
822 2031 930 2119 κούφη

475 2135 670 2222 ἀφύλακτον
686 2133 740 2201 ὧδ’
758 2135 910 2222 ἔμαρψα,

478 2237 565 2304 κατὰ
578 2236 640 2320 μὲν
655 2237 780 2327 σχίσαι
795 2239 951 2325 φυλάξας

473 2341 731 2424 μελιτουμένους
747 2339 902 2428 ὀνείρους,

476 2443 522 2511 ἐνὶ
538 2441 565 2508 δ’
580 2441 787 2532 άμβρότοισι
802 2444 945 2516 κόλποις

477 2546 632 2627 κατέθηκ’
648 2547 727 2630 ἐμῆς
741 2546 912 2633 Κορίννης.

478 2647 534 2714 ὅτε
549 2647 589 2730 δ’,
606 2649 644 2714 οὐ
659 2648 758 2715 δόλον
773 2648 941 2730 συνειδώς,

478 2750 655 2839 ἀνεγείρεθ
671 2751 889 2842 οὑπιχαρτός,

481 2855 607 2923 ἐθέλων
621 2855 689 2922 τότ’
705 2857 886 2939 ἐκλυθῆναι

478 2954 710 3043 περιεστράφη
725 2956 764 3021 νδ
778 2959 921 3042 πρῶτον,

478 3057 667 3146 χαλέπαινέ
682 3058 722 3141 τ’,
739 3059 985 3149 ἑμπαλαχθείς,

365 3183 367 3200 ·
480 3160 765 3251 χλιδανοσφύροις
780 3162 965 3236 ποδίσκοις·

476 3266 574 3347 μάλα
588 3263 617 3330 δ’
635 3263 706 3330 ὦκα
720 3264 839 3337 παιδὸς
853 3265 935 3353 ἦτορ

479 3365 723 3454 κεχαρισμένον
738 3366 849 3450 θέαμα

478 3469 686 3555 παρέθελξεν
700 3470 935 3559 άσχαλῶνπος·

482 3569 520 3637 τὸ
536 3569 563 3637 δ’
579 3571 630 3658 ἄρ’
647 3573 689 3643 ὡς
705 3571 756 3653 ἴδ’,
774 3573 817 3644 ὡς
832 3572 958 3656 ἀνέπτη

480 3673 545 3740 ὑπὸ
559 3680 730 3764 χαρμονῆς
744 3676 899 3758 βαθείας,

481 3778 648 3865 πτέρυγας
663 3777 691 3843 δ’
708 3777 813 3845 ἔσεισ’
829 3779 963 3852 ἰανθείς.

482 3879 554 3945 τίσι
568 3881 634 3966 γὰρ
649 3881 817 3969 τέχναισι,
835 3882 932 3969 φησί,

483 3981 550 4049 τάδ’
568 3985 743 4073 ἐπηράτων
758 3984 894 4053 ἑπωδῶν
