3250 4692
586 432 768 483 SABRINAE
787 433 963 484 COROLLA.
1226 435 1275 483 219

688 673 855 773 Lycidas.

315 835 445 915 Desine,
461 847 627 922 pastorum
641 838 766 917 chorus,
782 840 870 923 aegri
884 839 994 902 desine
1007 837 1134 902 luctus:

314 936 391 1002 Non
405 940 504 1024 periit
518 940 666 1025 Lycidas,
682 951 786 1004 vester
798 939 900 1018 dolor,
916 940 1051 1004 obrutus
1064 939 1131 1003 alto

315 1040 530 1107 Qvamlubet:
555 1043 677 1106 Oceani
692 1043 792 1127 qvalis
807 1043 1022 1106 substernitur
1035 1052 1127 1106 aestu

315 1141 532 1228 Phosphorus,
548 1156 581 1209 at
594 1167 722 1208 rursum
736 1146 851 1209 mediis
865 1157 963 1229 caput
977 1145 1072 1228 erigit
1085 1144 1190 1223 undis,

315 1242 539 1330 Auratumqve
553 1246 646 1310 iubar
659 1259 802 1324 renovat,
819 1248 1010 1332 flammaqve
1024 1247 1147 1310 recenti

315 1344 510 1430 splendidus
524 1349 672 1412 Aurorae
686 1349 824 1413 radianti
838 1350 873 1412 in
887 1349 993 1413 fronte
1008 1357 1171 1424 coruscat3

315 1447 369 1512 Sic
384 1449 500 1513 cecidit
513 1450 651 1534 Lycidas
663 1477 671 1529 3
695 1451 781 1515 idem
796 1460 830 1514 at
844 1451 986 1514 surrexit
999 1450 1034 1514 in
1047 1471 1150 1525 auras,

314 1550 408 1614 Illius
423 1563 553 1638 ereptus
567 1553 675 1618 divino
689 1554 822 1617 numine
838 1553 958 1617 Christi

315 1652 380 1720 Qvi
395 1655 553 1738 qvondam
567 1653 673 1741 pelagi
689 1656 850 1719 tumidum
864 1655 994 1719 incessit
1007 1675 1104 1738 super
1118 1675 1258 1739 aequor:

313 1754 397 1833 Illic,
413 1778 472 1840 per
486 1755 584 1820 saltus
599 1757 678 1821 alios
691 1756 832 1841 aliosqve
846 1757 1023 1822 secundum

312 1857 472 1921 Rivorum
485 1857 603 1943 lapsus,
620 1858 698 1922 lavit
712 1859 794 1922 udos
807 1869 936 1922 nectare
951 1859 1063 1936 crines,

314 1958 528 2045 Caelestisqve
543 1960 631 2024 chori
646 1983 711 2024 uon
726 1960 902 2024 enarrabile
917 1983 1044 2024 carmen

313 2060 404 2124 Aure
417 2062 532 2126 bibens
545 2062 698 2147 placidos,
714 2061 823 2126 felicia
835 2083 943 2146 regna,
958 2083 1111 2140 recessus,

312 2162 472 2228 Laetitiae
487 2164 594 2229 sedem
608 2164 745 2250 purique
759 2164 902 2228 celebrat
916 2163 1057 2227 Amoris.

1129 2265 1164 2322 R.
1178 2263 1213 2324 B.

691 2517 846 2589 Naeuio.
908 2607 911 2614 Ι

397 2685 476 2751 Noli
490 2686 554 2749 iam
567 2683 684 2748 nimios
698 2684 810 2746 timere
826 2681 918 2759 soles,
935 2754 938 2758 A

397 2790 470 2853 Aut
484 2809 592 2851 saevos
603 2783 718 2849 hiemis
732 2782 874 2848 furentis
884 2784 985 2847 ictus:

398 2890 450 2955 Tu
465 2889 634 2975 stipendia,
652 2888 761 2952 debita
774 2887 946 2972 imperato.
963 2945 966 2951 ,

395 2992 538 3070 Muneri,
555 2990 706 3055 emeritus
721 2990 854 3053 domum
866 2988 989 3053 redisti.

395 3097 526 3160 Aureus
539 3116 632 3178 puer,
648 3114 762 3156 aureae
776 3089 914 3176 puellae,

395 3197 500 3282 Turpi
514 3218 588 3261 cum
601 3217 698 3280 grege
711 3193 878 3280 pulverem
891 3192 1058 3256 subibunt.

395 3386 449 3451 Ne
463 3386 565 3450 minas
579 3383 692 3448 timeas
705 3381 945 3468 potentiorum,

392 3487 463 3551 Iam
477 3509 543 3550 non
558 3485 712 3572 opprimit
724 3483 866 3569 impetus
879 3481 1025 3567 tyranniz

393 3588 471 3653 Non
484 3589 581 3652 vestis
595 3587 656 3651 tibi
671 3608 757 3663 cura,
772 3607 838 3648 non
852 3583 986 3663 edendi3

394 3690 458 3756 Par
472 3711 608 3775 quercus
622 3689 693 3766 tibi,
709 3710 768 3774 par
781 3686 844 3750 tibi
858 3697 907 3750 est
920 3686 1054 3751 arundo.

392 3792 469 3857 Non
484 3793 629 3870 scientia,
639 3791 803 3874 regiumve
817 3811 946 3866 nomen,

393 3894 468 3981 ipsa
480 3917 546 3958 non
560 3894 717 3958 medicina
730 3885 811 3956 vitat¹
826 3890 958 3956 Oreum.
1126 3975 1161 4032 R
1177 3973 1199 4034 s
