3250 4692
582 431 765 482 SABRINAE
784 432 960 484 COROLLA.
1228 439 1277 489 305

266 597 316 663 Ut
329 621 455 685 semper
468 600 598 685 gaudes,
615 601 769 680 Fortuna,
785 601 932 668 inludere
945 603 1043 667 rebus

265 699 449 768 Humanis!
494 702 624 789 Loqvar
637 726 678 767 an
692 704 830 769 sileam?
875 705 944 769 Sex
959 706 1129 786 cemimus,
1146 728 1221 771 ecce

218 800 233 824 “
267 805 437 870 Cernimus
452 808 627 892 expositos,
643 807 781 891 ingloria
795 831 938 893 corpora,
956 810 1082 873 corvos!

266 908 321 973 Fit
336 909 473 976 clamor:
498 911 643 975 condunt
655 912 801 996 risusqve
816 912 941 996 iociqve
957 911 1125 978 Calendas.

1117 1031 1157 1089 H.
1172 1031 1211 1089 Η.

646 1158 892 1167 ὴ...-

291 1308 362 1382 She
375 1306 591 1405 issarsrom
608 1307 666 1381 tlte
683 1305 792 1381 Laod
805 1308 918 1381 wirae
934 1307 997 1381 lter
1011 1332 1133 1406 young
1154 1306 1253 1381 Hero

706 1426 830 1522 aleepa.

306 1590 379 1655 Stat
391 1591 505 1676 procul
520 1614 539 1656 a
554 1601 647 1670 terra,
665 1613 727 1676 qva
741 1601 788 1671 tu,
802 1614 885 1677 puer
899 1590 1031 1669 inclute,
1051 1588 1179 1667 dormis,

352 1693 426 1758 Stat
440 1704 497 1759 tua
511 1694 645 1758 solicitis
659 1692 748 1758 culta
760 1693 870 1779 puella
884 1694 1007 1779 procis:

309 1796 440 1878 Frigida
454 1798 511 1861 sed
524 1797 640 1862 flentes
654 1796 764 1861 oculos
779 1796 905 1876 avertit,
923 1806 957 1861 et
970 1795 1048 1860 illuc

351 1897 466 1963 Mente
479 1899 575 1983 fugit,
592 1921 702 1963 carum
716 1921 778 1983 qva
792 1898 875 1982 tegit
888 1898 990 1961 herba
1004 1906 1113 1983 caput.

307 1999 393 2064 Mox
406 2000 512 2084 patria
524 2000 643 2086 raptim
656 2000 776 2085 promit
790 1998 954 2063 testudine
969 1999 996 2062 si
1012 2020 1092 2085 qvae

350 2103 510 2167 Audierat
524 2103 683 2189 qvondam
698 2102 838 2167 carmina
851 2102 955 2166 laetus
969 2124 1096 2166 amans:

307 2203 379 2269 Nec
393 2206 511 2290 cupida
525 2216 661 2270 cernunt
672 2205 834 2269 inhiantes
848 2226 925 2268 aure
940 2214 1097 2281 catervae,

351 2307 443 2375 Qvae
458 2308 553 2386 canit,
569 2307 652 2371 hanc
666 2307 783 2371 sensim
798 2307 893 2370 corde
909 2306 1038 2370 labante
1052 2305 1145 2371 mori.

307 2408 372 2474 Pro
387 2410 491 2495 patria
503 2409 610 2495 periit,
628 2409 682 2493 qvi
696 2408 824 2473 vixerat
838 2408 941 2471 omnis
955 2407 1075 2485 amori;

351 2511 409 2576 Nil
423 2495 513 2576 aliud
527 2534 665 2590 caussae,
682 2535 740 2575 cur
753 2520 944 2597 superesset,
960 2520 1039 2601 erat,

308 2613 380 2678 Nec
394 2614 516 2698 patriae
531 2636 673 2678 maerore
688 2614 777 2677 brevi
792 2612 966 2677 deflebitur
978 2612 1090 2690 heros3

351 2716 422 2780 Nec
437 2738 527 2779 mora
541 2716 617 2801 qvin
630 2737 768 2799 puerum
782 2714 925 2800 nympha
939 2724 1090 2799 sequatur
1105 2714 1177 2777 erit.

312 2818 440 2897 Ponite,
458 2818 587 2883 decidui
604 2840 666 2903 qva
679 2818 739 2881 lux
753 2828 866 2882 monet
879 2817 1006 2881 ultuma
1020 2816 1097 2880 solis

353 2921 468 2986 Gloria
482 2921 525 2985 sit
538 2920 665 2985 reducis
679 2930 797 3005 qvanta
810 2920 923 2983 futura
936 2918 1008 2983 dei:

309 3022 420 3087 Insula
433 3046 492 3109 per
506 3023 625 3087 fluctus
639 3022 744 3086 risisse
757 3022 922 3086 videbitur
934 3020 994 3099 illi,

353 3126 465 3192 Carior
479 3125 640 3190 aerumnis
653 3124 758 3189 insula
771 3124 857 3189 facta
870 3124 946 3189 suis.

806 3228 841 3286 G.
856 3228 893 3285 A.
909 3228 940 3286 G.
955 3228 997 3285 M.
1012 3225 1059 3307 (aa
1072 3222 1210 3304 Moomo.)

593 3612 718 3687 Fontis
736 3612 939 3712 Imcriptio.

353 3781 426 3846 Aut
439 3782 480 3846 ab
494 3804 576 3868 aqva
589 3781 654 3846 fuit
667 3782 727 3846 hac
741 3782 864 3847 Veneri
877 3782 993 3847 natalis
1007 3782 1110 3867 origo,

418 3884 490 3950 Aut
504 3886 617 3951 Venus
631 3886 713 3952 hanc
727 3884 797 3951 loto
813 3909 944 3973 corpore
959 3885 1038 3951 fecit
1051 3909 1176 3971 aqvam.

858 4006 897 4063 Η.
911 4005 940 4064 J.
954 4004 1002 4085 (a
1014 4005 1129 4064 aanor.
1146 4002 1212 4085 or.)

745 4122 769 4165 R
785 4122 808 4165 lt
1020 4134 1035 4142 ‘
