3250 4692
364 350 412 398 ³24
679 348 863 397 SABRlNAE
882 349 1058 398 cononis.

496 518 554 582 Sin
571 528 607 581 tu
621 518 799 603 benignum
815 519 991 597 sustuleris,
1009 518 1110 597 Deus,

495 620 644 699 Vultum,
659 621 815 686 fatiscunt
828 621 936 685 omnia
949 622 1070 685 lumine

561 724 700 801 Privata,
716 724 908 809 devotasqve
924 734 1022 788 terras

624 825 685 891 Vis
698 826 834 913 populat
849 826 970 891 furiosa
984 826 1060 891 leti:

496 1046 584 1111 Hinc
599 1046 801 1111 etmalorum
817 1046 955 1111 difficilis
970 1048 1082 1111 cohors

497 1151 662 1215 Incumbit
675 1150 778 1235 aegris
791 1151 954 1235 gentibus,
969 1150 1045 1215 hinc
1059 1150 1170 1229 fames,

563 1254 649 1317 Hinc
663 1254 765 1339 pestis
779 1254 951 1340 improvisa
964 1254 1066 1318 mittit

626 1355 806 1420 Perniciem
821 1346 950 1421 miseras
964 1380 1022 1443 per
1037 1357 1142 1421 urbes.

497 1578 561 1642 Ter
574 1578 630 1643 ille
645 1577 737 1657 felix,
753 1580 887 1643 nurnine
902 1579 959 1665 qui
975 1589 1032 1643 tuo

496 1681 611 1745 Fretus
626 1692 769 1745 carentes
782 1682 907 1767 flagitio
921 1702 1034 1745 manus

560 1783 720 1863 Custodit,
737 1796 771 1849 et
785 1786 914 1850 decreta
930 1786 1035 1850 Patris

623 1888 787 1974 Obseqvio
801 1888 890 1953 facili
905 1899 1034 1953 tuetur:

494 2111 643 2196 Namqve
657 2110 712 2175 ille
727 2121 819 2176 tutus
831 2112 989 2197 praesidio
1005 2110 1068 2175 Dei

494 2214 570 2278 Non
585 2213 758 2278 insolentes
773 2213 972 2297 terrigenum
987 2212 1088 2276 minas

557 2317 732 2395 Formidat,
749 2326 807 2381 aut
822 2316 924 2380 fastus
940 2314 1066 2401 tyranni

623 2420 756 2483 Grande
768 2418 858 2483 nefas
873 2418 980 2482 animo
995 2417 1171 2482 moventis:

496 2625 561 2688 Sed
575 2648 670 2710 qvom
686 2624 809 2689 trisulci
823 2624 969 2689 fulminis
984 2624 1110 2708 impetu

496 2728 640 2793 Disiecta
654 2738 756 2792 terrae
771 2729 899 2792 moenia
913 2727 1092 2812 procident,

561 2832 709 2908 Securus,
726 2829 889 2894 inlabente
904 2830 1035 2907 mundo,

624 2931 738 2995 Mente
751 2930 836 2994 feret
850 2930 952 2995 solida
967 2930 1086 2995 ruinas.

789 3146 944 3160 -—-..

717 3303 777 3375 Ad
792 3302 1009 3377 Metaurum.

375 3467 385 3482 ’
408 3469 499 3537 Qvid
512 3471 590 3535 mihi
607 3483 656 3535 tot
670 3472 763 3551 soles,
779 3470 898 3551 stellas,
915 3471 1109 3555 nebulasqve
1124 3474 1293 3535 recenses?

450 3574 514 3651 An,
531 3575 592 3638 nisi
608 3576 691 3660 qvod
704 3597 864 3654 numeras,
881 3587 931 3640 est
945 3575 1005 3640 tibi
1020 3573 1140 3659 grande
1154 3572 1260 3637 nihil?

407 3674 496 3742 Qvae
512 3676 671 3761 Spatium,
686 3678 845 3755 Meteore,
863 3679 949 3763 capit
961 3678 1011 3741 vel
1025 3698 1179 3741 maxuma
1193 3698 1294 3753 curas,

451 3778 518 3842 Sed
533 3780 682 3867 Spatium
697 3781 805 3867 magni
821 3780 878 3860 nil,
897 3780 1055 3858 Meteore,
1072 3780 1166 3864 capit.

1010 3902 1048 3960 K.
1065 3898 1113 3979 (err
1128 3898 1311 3976 Summano.)
