<?xml version="1.0" encoding="UTF-8"?>
<!DOCTYPE html PUBLIC "-//W3C//DTD XHTML 1.0 Transitional//EN"
    "http://www.w3.org/TR/xhtml1/DTD/xhtml1-transitional.dtd">
<html xmlns="http://www.w3.org/1999/xhtml" xml:lang="en" lang="en">
 <head>
  <title>
</title>
<meta http-equiv="Content-Type" content="text/html;charset=utf-8" />
  <meta name='ocr-system' content='tesseract 3.04.00' />
  <meta name='ocr-capabilities' content='ocr_page ocr_carea ocr_par ocr_line ocrx_word'/>
</head>
<body>
  <div class='ocr_page' id='page_1' title='image "./sabrinaecorolla00shrgoog_0233.png"; bbox 0 0 3250 4692; ppageno 0'>
   <div class='ocr_carea' id='block_1_1' title="bbox 524 416 904 467">
    <p class='ocr_par' dir='ltr' id='par_1_1' title="bbox 524 416 904 467">
     <span class='ocr_line' id='line_1_1' title="bbox 524 416 904 467; baseline 0 -2"><span class='ocrx_word' id='word_1_1' title='bbox 524 417 707 467; x_wconf 84' lang='lat' dir='ltr'>SABRINAE</span> <span class='ocrx_word' id='word_1_2' title='bbox 726 416 904 467; x_wconf 80' lang='lat' dir='ltr'>COROLLA.</span> 
     </span>
    </p>
   </div>
   <div class='ocr_carea' id='block_1_2' title="bbox 534 902 892 978">
    <p class='ocr_par' dir='ltr' id='par_1_2' title="bbox 534 902 892 978">
     <span class='ocr_line' id='line_1_2' title="bbox 534 902 892 978; baseline -0.003 0"><span class='ocrx_word' id='word_1_3' title='bbox 534 903 672 978; x_wconf 84' lang='lat' dir='ltr'><em>Poetae</em></span> <span class='ocrx_word' id='word_1_4' title='bbox 692 902 892 978; x_wconf 80' lang='lat' dir='ltr'>Cantilena.</span> 
     </span>
    </p>
   </div>
   <div class='ocr_carea' id='block_1_3' title="bbox 227 1087 1150 2604">
    <p class='ocr_par' dir='ltr' id='par_1_3' title="bbox 227 1087 1150 2604">
     <span class='ocr_line' id='line_1_3' title="bbox 255 1087 1010 1173; baseline 0.001 -21"><span class='ocrx_word' id='word_1_5' title='bbox 255 1087 451 1153; x_wconf 82' lang='lat' dir='ltr'><strong>Deciderant</strong></span> <span class='ocrx_word' id='word_1_6' title='bbox 464 1088 602 1153; x_wconf 79' lang='lat' dir='ltr'><strong>imbres:</strong></span> <span class='ocrx_word' id='word_1_7' title='bbox 624 1087 720 1172; x_wconf 91' lang='lat' dir='ltr'>liqvit</span> <span class='ocrx_word' id='word_1_8' title='bbox 735 1088 884 1151; x_wconf 87' lang='lat' dir='ltr'>conclave</span> <span class='ocrx_word' id='word_1_9' title='bbox 895 1100 1010 1173; x_wconf 88' lang='lat' dir='ltr'>pueta;</span> 
     </span>
     <span class='ocr_line' id='line_1_4' title="bbox 300 1188 972 1274; baseline 0.006 -22"><span class='ocrx_word' id='word_1_10' title='bbox 300 1188 533 1274; x_wconf 86' lang='lat' dir='ltr'>Praeteriitqve</span> <span class='ocrx_word' id='word_1_11' title='bbox 549 1190 662 1254; x_wconf 88' lang='lat' dir='ltr'>urbem</span> <span class='ocrx_word' id='word_1_12' title='bbox 678 1189 881 1274; x_wconf 79' lang='lat' dir='ltr'>deseruitque</span> <span class='ocrx_word' id='word_1_13' title='bbox 895 1190 972 1256; x_wconf 86' lang='lat' dir='ltr'>vius.</span> 
     </span>
     <span class='ocr_line' id='line_1_5' title="bbox 258 1290 970 1371; baseline 0.001 -16"><span class='ocrx_word' id='word_1_14' title='bbox 258 1290 372 1355; x_wconf 79' lang='lat' dir='ltr'>Adflat</span> <span class='ocrx_word' id='word_1_15' title='bbox 386 1292 444 1355; x_wconf 91' lang='lat' dir='ltr'>ubi</span> <span class='ocrx_word' id='word_1_16' title='bbox 458 1291 559 1355; x_wconf 88' lang='lat' dir='ltr'>levior</span> <span class='ocrx_word' id='word_1_17' title='bbox 573 1291 649 1355; x_wconf 89' lang='lat' dir='ltr'>solis</span> <span class='ocrx_word' id='word_1_18' title='bbox 664 1290 703 1356; x_wconf 87' lang='lat' dir='ltr'>de</span> <span class='ocrx_word' id='word_1_19' title='bbox 717 1291 831 1360; x_wconf 87' lang='lat' dir='ltr'>limine</span> <span class='ocrx_word' id='word_1_20' title='bbox 844 1303 970 1371; x_wconf 87' lang='lat' dir='ltr'>ventus,</span> 
     </span>
     <span class='ocr_line' id='line_1_6' title="bbox 301 1389 1135 1473; baseline 0.002 -17"><span class='ocrx_word' id='word_1_21' title='bbox 301 1393 348 1456; x_wconf 86' lang='lat' dir='ltr'>Et</span> <span class='ocrx_word' id='word_1_22' title='bbox 362 1393 472 1458; x_wconf 86' lang='lat' dir='ltr'>tremit</span> <span class='ocrx_word' id='word_1_23' title='bbox 486 1393 674 1457; x_wconf 87' lang='lat' dir='ltr'>umbrarum</span> <span class='ocrx_word' id='word_1_24' title='bbox 689 1393 855 1458; x_wconf 87' lang='lat' dir='ltr'>fiuctubus</span> <span class='ocrx_word' id='word_1_25' title='bbox 868 1394 935 1458; x_wconf 85' lang='lat' dir='ltr'>alta</span> <span class='ocrx_word' id='word_1_26' title='bbox 950 1395 1057 1473; x_wconf 89' lang='lat' dir='ltr'>Ceres,</span> <span class='ocrx_word' id='word_1_27' title='bbox 1130 1389 1135 1396; x_wconf 64' lang='grc'><strong><em>’</em></strong></span> 
     </span>
     <span class='ocr_line' id='line_1_7' title="bbox 258 1495 962 1575; baseline 0 -16"><span class='ocrx_word' id='word_1_28' title='bbox 258 1495 335 1559; x_wconf 91' lang='lat' dir='ltr'>Huc</span> <span class='ocrx_word' id='word_1_29' title='bbox 350 1496 481 1560; x_wconf 84' lang='lat' dir='ltr'>veniens</span> <span class='ocrx_word' id='word_1_30' title='bbox 496 1495 563 1560; x_wconf 85' lang='lat' dir='ltr'>sola</span> <span class='ocrx_word' id='word_1_31' title='bbox 577 1495 664 1560; x_wconf 92' lang='lat' dir='ltr'>solus</span> <span class='ocrx_word' id='word_1_32' title='bbox 677 1495 817 1560; x_wconf 83' lang='lat' dir='ltr'>statione</span> <span class='ocrx_word' id='word_1_33' title='bbox 832 1496 962 1575; x_wconf 83' lang='lat' dir='ltr'>resedit,</span> 
     </span>
     <span class='ocr_line' id='line_1_8' title="bbox 300 1595 1024 1682; baseline 0 -21"><span class='ocrx_word' id='word_1_34' title='bbox 300 1597 347 1661; x_wconf 89' lang='lat' dir='ltr'>Et</span> <span class='ocrx_word' id='word_1_35' title='bbox 360 1596 476 1661; x_wconf 87' lang='lat' dir='ltr'><strong>cecinit</strong></span> <span class='ocrx_word' id='word_1_36' title='bbox 489 1596 623 1681; x_wconf 86' lang='lat' dir='ltr'>longum</span> <span class='ocrx_word' id='word_1_37' title='bbox 639 1595 892 1682; x_wconf 85' lang='lat' dir='ltr'>dulcifluumqve</span> <span class='ocrx_word' id='word_1_38' title='bbox 905 1598 1024 1676; x_wconf 83' lang='lat' dir='ltr'>melos3</span> 
     </span>
     <span class='ocr_line' id='line_1_9' title="bbox 227 1698 1150 1786; baseline -0.004 -19"><span class='ocrx_word' id='word_1_39' title='bbox 227 1781 229 1786; x_wconf 15' lang='grc' dir='ltr'><strong><em>Α</em></strong></span> <span class='ocrx_word' id='word_1_40' title='bbox 257 1701 331 1768; x_wconf 85' lang='lat' dir='ltr'>Qvo</span> <span class='ocrx_word' id='word_1_41' title='bbox 345 1709 456 1784; x_wconf 88' lang='lat' dir='ltr'>stupet</span> <span class='ocrx_word' id='word_1_42' title='bbox 469 1698 655 1764; x_wconf 85' lang='lat' dir='ltr'>haerescens</span> <span class='ocrx_word' id='word_1_43' title='bbox 670 1700 777 1764; x_wconf 89' lang='lat' dir='ltr'>media</span> <span class='ocrx_word' id='word_1_44' title='bbox 791 1701 877 1764; x_wconf 87' lang='lat' dir='ltr'>inter</span> <span class='ocrx_word' id='word_1_45' title='bbox 890 1700 1003 1765; x_wconf 88' lang='lat' dir='ltr'>nubila</span> <span class='ocrx_word' id='word_1_46' title='bbox 1017 1723 1150 1786; x_wconf 84' lang='lat' dir='ltr'><strong>cygnus,</strong></span> 
     </span>
     <span class='ocr_line' id='line_1_10' title="bbox 299 1801 990 1887; baseline 0.001 -21"><span class='ocrx_word' id='word_1_47' title='bbox 299 1802 347 1866; x_wconf 88' lang='lat' dir='ltr'>Et</span> <span class='ocrx_word' id='word_1_48' title='bbox 361 1801 446 1866; x_wconf 88' lang='lat' dir='ltr'>cadit</span> <span class='ocrx_word' id='word_1_49' title='bbox 460 1812 535 1864; x_wconf 88' lang='lat' dir='ltr'>ante</span> <span class='ocrx_word' id='word_1_50' title='bbox 549 1801 635 1886; x_wconf 89' lang='lat' dir='ltr'>ipsos</span> <span class='ocrx_word' id='word_1_51' title='bbox 649 1801 729 1866; x_wconf 87' lang='lat' dir='ltr'>vatis</span> <span class='ocrx_word' id='word_1_52' title='bbox 744 1801 860 1866; x_wconf 83' lang='lat' dir='ltr'>alaude</span> <span class='ocrx_word' id='word_1_53' title='bbox 873 1803 990 1887; x_wconf 88' lang='lat' dir='ltr'>pedes:</span> 
     </span>
     <span class='ocr_line' id='line_1_11' title="bbox 259 1903 1025 1989; baseline -0.003 -18"><span class='ocrx_word' id='word_1_54' title='bbox 259 1904 347 1972; x_wconf 83' lang='lat' dir='ltr'>Qvin</span> <span class='ocrx_word' id='word_1_55' title='bbox 363 1914 397 1968; x_wconf 90' lang='lat' dir='ltr'>et</span> <span class='ocrx_word' id='word_1_56' title='bbox 410 1927 487 1989; x_wconf 89' lang='lat' dir='ltr'>apes</span> <span class='ocrx_word' id='word_1_57' title='bbox 500 1903 593 1989; x_wconf 87' lang='lat' dir='ltr'>agilis</span> <span class='ocrx_word' id='word_1_58' title='bbox 607 1904 744 1968; x_wconf 88' lang='lat' dir='ltr'>venandi</span> <span class='ocrx_word' id='word_1_59' title='bbox 760 1915 862 1968; x_wconf 87' lang='lat' dir='ltr'>cessat</span> <span class='ocrx_word' id='word_1_60' title='bbox 874 1904 1025 1983; x_wconf 89' lang='lat' dir='ltr'>hirundo,</span> 
     </span>
     <span class='ocr_line' id='line_1_12' title="bbox 303 2005 978 2091; baseline -0.003 -19"><span class='ocrx_word' id='word_1_61' title='bbox 303 2007 373 2072; x_wconf 89' lang='lat' dir='ltr'>Sub</span> <span class='ocrx_word' id='word_1_62' title='bbox 388 2005 510 2071; x_wconf 88' lang='lat' dir='ltr'>frondis</span> <span class='ocrx_word' id='word_1_63' title='bbox 525 2006 658 2071; x_wconf 88' lang='lat' dir='ltr'>coluber</span> <span class='ocrx_word' id='word_1_64' title='bbox 672 2007 815 2091; x_wconf 85' lang='lat' dir='ltr'>tegmine</span> <span class='ocrx_word' id='word_1_65' title='bbox 830 2006 978 2086; x_wconf 90' lang='lat' dir='ltr'>delituit;</span> 
     </span>
     <span class='ocr_line' id='line_1_13' title="bbox 261 2109 1015 2194; baseline -0.001 -20"><span class='ocrx_word' id='word_1_66' title='bbox 261 2109 414 2174; x_wconf 86' lang='lat' dir='ltr'>Constitit</span> <span class='ocrx_word' id='word_1_67' title='bbox 428 2109 588 2174; x_wconf 91' lang='lat' dir='ltr'>obductus</span> <span class='ocrx_word' id='word_1_68' title='bbox 601 2109 686 2173; x_wconf 87' lang='lat' dir='ltr'>falco</span> <span class='ocrx_word' id='word_1_69' title='bbox 700 2109 851 2194; x_wconf 80' lang='lat' dir='ltr'>lanugine</span> <span class='ocrx_word' id='word_1_70' title='bbox 866 2119 1015 2188; x_wconf 87' lang='lat' dir='ltr'>rostrum,</span> 
     </span>
     <span class='ocr_line' id='line_1_14' title="bbox 304 2211 1084 2297; baseline 0.009 -23"><span class='ocrx_word' id='word_1_71' title='bbox 304 2211 351 2275; x_wconf 91' lang='lat' dir='ltr'>Et</span> <span class='ocrx_word' id='word_1_72' title='bbox 364 2211 500 2296; x_wconf 88' lang='lat' dir='ltr'>stupuit,</span> <span class='ocrx_word' id='word_1_73' title='bbox 517 2223 642 2296; x_wconf 84' lang='lat' dir='ltr'>captam</span> <span class='ocrx_word' id='word_1_74' title='bbox 658 2211 735 2276; x_wconf 94' lang='lat' dir='ltr'>dum</span> <span class='ocrx_word' id='word_1_75' title='bbox 749 2213 832 2297; x_wconf 87' lang='lat' dir='ltr'>pede</span> <span class='ocrx_word' id='word_1_76' title='bbox 846 2224 969 2297; x_wconf 83' lang='lat' dir='ltr'>pressat</span> <span class='ocrx_word' id='word_1_77' title='bbox 983 2236 1084 2281; x_wconf 87' lang='lat' dir='ltr'>avem.</span> 
     </span>
     <span class='ocr_line' id='line_1_15' title="bbox 261 2313 1150 2401; baseline 0.001 -21"><span class='ocrx_word' id='word_1_78' title='bbox 261 2313 410 2380; x_wconf 86' lang='lat' dir='ltr'>Carmina</span> <span class='ocrx_word' id='word_1_79' title='bbox 424 2313 527 2378; x_wconf 85' lang='lat' dir='ltr'>multa</span> <span class='ocrx_word' id='word_1_80' title='bbox 542 2315 681 2400; x_wconf 72' lang='lat' dir='ltr'>quidem,</span> <span class='ocrx_word' id='word_1_81' title='bbox 698 2315 784 2379; x_wconf 89' lang='lat' dir='ltr'>dixit</span> <span class='ocrx_word' id='word_1_82' title='bbox 798 2315 983 2400; x_wconf 85' lang='lat' dir='ltr'>philomela,</span> <span class='ocrx_word' id='word_1_83' title='bbox 999 2317 1150 2401; x_wconf 88' lang='lat' dir='ltr'>profudi;</span> 
     </span>
     <span class='ocr_line' id='line_1_16' title="bbox 305 2416 1018 2501; baseline 0.003 -21"><span class='ocrx_word' id='word_1_84' title='bbox 305 2416 370 2481; x_wconf 88' lang='lat' dir='ltr'>Sed</span> <span class='ocrx_word' id='word_1_85' title='bbox 382 2438 547 2501; x_wconf 79' lang='lat' dir='ltr'>nunquam</span> <span class='ocrx_word' id='word_1_86' title='bbox 564 2417 666 2482; x_wconf 87' lang='lat' dir='ltr'>cecini</span> <span class='ocrx_word' id='word_1_87' title='bbox 680 2427 745 2480; x_wconf 83' lang='lat' dir='ltr'>tam</span> <span class='ocrx_word' id='word_1_88' title='bbox 759 2417 886 2500; x_wconf 77' lang='lat' dir='ltr'>geniale</span> <span class='ocrx_word' id='word_1_89' title='bbox 899 2417 1018 2498; x_wconf 78' lang='lat' dir='ltr'>melos3</span> 
     </span>
     <span class='ocr_line' id='line_1_17' title="bbox 261 2517 1036 2604; baseline 0 -20"><span class='ocrx_word' id='word_1_90' title='bbox 261 2518 394 2584; x_wconf 85' lang='lat' dir='ltr'>Scilicet</span> <span class='ocrx_word' id='word_1_91' title='bbox 407 2518 460 2583; x_wconf 90' lang='lat' dir='ltr'>hic</span> <span class='ocrx_word' id='word_1_92' title='bbox 476 2528 583 2584; x_wconf 82' lang='lat' dir='ltr'>cantat</span> <span class='ocrx_word' id='word_1_93' title='bbox 597 2519 674 2604; x_wconf 88' lang='lat' dir='ltr'>qvid</span> <span class='ocrx_word' id='word_1_94' title='bbox 688 2520 730 2582; x_wconf 88' lang='lat' dir='ltr'>sit</span> <span class='ocrx_word' id='word_1_95' title='bbox 745 2517 863 2582; x_wconf 88' lang='lat' dir='ltr'>tellure</span> <span class='ocrx_word' id='word_1_96' title='bbox 876 2519 1036 2600; x_wconf 84' lang='lat' dir='ltr'>futurum,</span> 
     </span>
    </p>
   </div>
   <div class='ocr_carea' id='block_1_4' title="bbox 305 2620 1167 2785">
    <p class='ocr_par' dir='ltr' id='par_1_4' title="bbox 305 2620 1167 2785">
     <span class='ocr_line' id='line_1_18' title="bbox 305 2620 1045 2690; baseline -0.001 -1"><span class='ocrx_word' id='word_1_97' title='bbox 305 2621 413 2689; x_wconf 78' lang='lat' dir='ltr'>Quom</span> <span class='ocrx_word' id='word_1_98' title='bbox 427 2631 520 2685; x_wconf 89' lang='lat' dir='ltr'>vetus</span> <span class='ocrx_word' id='word_1_99' title='bbox 534 2643 692 2685; x_wconf 84' lang='lat' dir='ltr'>annorum</span> <span class='ocrx_word' id='word_1_100' title='bbox 706 2620 858 2684; x_wconf 88' lang='lat' dir='ltr'>clauserit</span> <span class='ocrx_word' id='word_1_101' title='bbox 872 2622 959 2686; x_wconf 90' lang='lat' dir='ltr'>orbis</span> <span class='ocrx_word' id='word_1_102' title='bbox 973 2622 1045 2690; x_wconf 87' lang='lat' dir='ltr'>iter.</span> 
     </span>
     <span class='ocr_line' id='line_1_19' title="bbox 1128 2727 1167 2785; baseline 0 0"><span class='ocrx_word' id='word_1_103' title='bbox 1128 2727 1167 2785; x_wconf 85' lang='lat' dir='ltr'>K.</span> 
     </span>
    </p>
   </div>
   <div class='ocr_carea' id='block_1_5' title="bbox 549 3353 904 3456">
    <p class='ocr_par' dir='ltr' id='par_1_5' title="bbox 549 3353 904 3456">
     <span class='ocr_line' id='line_1_20' title="bbox 549 3353 904 3456; baseline -0.006 -26"><span class='ocrx_word' id='word_1_104' title='bbox 549 3355 689 3430; x_wconf 84' lang='lat' dir='ltr'>Munus</span> <span class='ocrx_word' id='word_1_105' title='bbox 708 3353 904 3456; x_wconf 77' lang='lat' dir='ltr'>Exiguum.</span> 
     </span>
    </p>
   </div>
   <div class='ocr_carea' id='block_1_6' title="bbox 312 3538 1125 3834">
    <p class='ocr_par' dir='ltr' id='par_1_6' title="bbox 312 3538 1125 3834">
     <span class='ocr_line' id='line_1_21' title="bbox 312 3538 1125 3619; baseline -0.004 -12"><span class='ocrx_word' id='word_1_106' title='bbox 312 3543 452 3607; x_wconf 89' lang='lat' dir='ltr'>Amotus</span> <span class='ocrx_word' id='word_1_107' title='bbox 465 3540 646 3604; x_wconf 89' lang='lat' dir='ltr'>minumum</span> <span class='ocrx_word' id='word_1_108' title='bbox 660 3561 701 3603; x_wconf 91' lang='lat' dir='ltr'>ne</span> <span class='ocrx_word' id='word_1_109' title='bbox 716 3547 840 3603; x_wconf 85' lang='lat' dir='ltr'>temnat</span> <span class='ocrx_word' id='word_1_110' title='bbox 852 3538 962 3602; x_wconf 85' lang='lat' dir='ltr'>vultus</span> <span class='ocrx_word' id='word_1_111' title='bbox 976 3539 1125 3619; x_wconf 89' lang='lat' dir='ltr'>amicum,</span> 
     </span>
     <span class='ocr_line' id='line_1_22' title="bbox 355 3641 981 3728; baseline -0.003 -19"><span class='ocrx_word' id='word_1_112' title='bbox 355 3645 524 3728; x_wconf 84' lang='lat' dir='ltr'>Exiguum</span> <span class='ocrx_word' id='word_1_113' title='bbox 537 3665 614 3706; x_wconf 85' lang='lat' dir='ltr'>vero</span> <span class='ocrx_word' id='word_1_114' title='bbox 628 3664 745 3706; x_wconf 86' lang='lat' dir='ltr'>munus</span> <span class='ocrx_word' id='word_1_115' title='bbox 760 3664 867 3705; x_wconf 85' lang='lat' dir='ltr'>amore</span> <span class='ocrx_word' id='word_1_116' title='bbox 883 3641 981 3707; x_wconf 87' lang='lat' dir='ltr'>iuvat.</span> 
     </span>
     <span class='ocr_line' id='line_1_23' title="bbox 314 3745 1080 3834; baseline -0.005 -21"><span class='ocrx_word' id='word_1_117' title='bbox 314 3749 389 3834; x_wconf 87' lang='lat' dir='ltr'>Ipse</span> <span class='ocrx_word' id='word_1_118' title='bbox 403 3747 494 3811; x_wconf 89' lang='lat' dir='ltr'>brevi</span> <span class='ocrx_word' id='word_1_119' title='bbox 509 3768 614 3810; x_wconf 88' lang='lat' dir='ltr'>rorem</span> <span class='ocrx_word' id='word_1_120' title='bbox 629 3745 774 3809; x_wconf 85' lang='lat' dir='ltr'>defendit</span> <span class='ocrx_word' id='word_1_121' title='bbox 787 3745 942 3810; x_wconf 87' lang='lat' dir='ltr'>flosculus</span> <span class='ocrx_word' id='word_1_122' title='bbox 955 3746 1080 3823; x_wconf 86' lang='lat' dir='ltr'>umbra,</span> 
     </span>
    </p>
   </div>
   <div class='ocr_carea' id='block_1_7' title="bbox 359 3847 1172 4009">
    <p class='ocr_par' dir='ltr' id='par_1_7' title="bbox 359 3847 1172 4009">
     <span class='ocr_line' id='line_1_24' title="bbox 359 3847 976 3932; baseline -0.002 -18"><span class='ocrx_word' id='word_1_123' title='bbox 359 3849 412 3914; x_wconf 90' lang='lat' dir='ltr'>Nc</span> <span class='ocrx_word' id='word_1_124' title='bbox 426 3848 526 3914; x_wconf 92' lang='lat' dir='ltr'>nimio</span> <span class='ocrx_word' id='word_1_125' title='bbox 540 3848 652 3914; x_wconf 86' lang='lat' dir='ltr'>sitiens</span> <span class='ocrx_word' id='word_1_126' title='bbox 666 3847 794 3914; x_wconf 86' lang='lat' dir='ltr'>sorbeat</span> <span class='ocrx_word' id='word_1_127' title='bbox 808 3848 883 3932; x_wconf 83' lang='lat' dir='ltr'>igne</span> <span class='ocrx_word' id='word_1_128' title='bbox 898 3849 976 3914; x_wconf 89' lang='lat' dir='ltr'>dies.</span> 
     </span>
     <span class='ocr_line' id='line_1_25' title="bbox 1009 3951 1172 4009; baseline 0 -1"><span class='ocrx_word' id='word_1_129' title='bbox 1009 3951 1057 4008; x_wconf 88' lang='lat' dir='ltr'>W.</span> <span class='ocrx_word' id='word_1_130' title='bbox 1073 3951 1119 4009; x_wconf 90' lang='lat' dir='ltr'>W.</span> <span class='ocrx_word' id='word_1_131' title='bbox 1135 3951 1172 4008; x_wconf 92' lang='grc' dir='ltr'>Η.</span> 
     </span>
    </p>
   </div>
   <div class='ocr_carea' id='block_1_8' title="bbox 0 0 1647 4692">
    <p class='ocr_par' dir='ltr' id='par_1_8' title="bbox 0 0 1647 4692">
     <span class='ocr_line' id='line_1_26' title="bbox 0 0 1647 4692; baseline 0 0"><span class='ocrx_word' id='word_1_132' title='bbox 0 0 1647 4692; x_wconf 95' lang='lat' dir='ltr'> </span> 
     </span>
    </p>
   </div>
  </div>
 </body>
</html>
