3250 4692
575 428 758 482 SABRINAE
777 433 953 490 COROLLA·

625 749 893 828 anacreontica.

386 926 460 991 Hoc
475 930 535 993 sub
550 932 691 1015 tegmine
705 945 832 1019 myrteo

429 1029 557 1095 Stratus
570 1055 733 1118 purpurea
748 1036 793 1100 sic
807 1047 928 1103 temere
941 1041 977 1104 in
990 1063 1071 1120 rosa,

386 1131 562 1216 Unguento
577 1136 725 1200 madidus
740 1161 864 1204 comam
879 1152 912 1204 et

426 1235 520 1300 Vivis
534 1237 710 1323 implicitus
724 1252 871 1327 tempora
884 1245 1029 1326 floribus,

384 1371 475 1435 Sicca
490 1373 566 1457 qud
580 1375 689 1458 potius
704 1376 756 1440 die

425 1473 530 1540 Quam
545 1477 653 1541 fallam
668 1479 789 1564 liqvido
805 1481 966 1548 tristitiam
982 1489 1095 1550 mero?

384 1575 451 1641 Hic
467 1579 544 1642 dum
558 1602 632 1664 rege
648 1582 773 1647 beatius

422 1681 577 1762 Bacchor,
595 1685 666 1748 dius
681 1687 784 1752 Amor
798 1688 872 1753 vina
888 1691 978 1758 dabit
992 1693 1090 1760 mihi:

380 1817 499 1882 Plenos
514 1819 554 1882 da
570 1821 712 1905 cyathos,
729 1823 843 1904 Amor,

422 1921 664 2008 Miscentorque
680 1925 775 1989 simul
790 1926 933 1993 Laetitia
947 1939 981 1993 et
996 1930 1104 2015 Lepos

377 2023 584 2110 Festivaeqve
599 2025 778 2092 Lubidines

430 2128 659 2216 Clarorumqve
676 2131 769 2196 Salus
783 2132 856 2198 fons
870 2157 957 2199 sacer
969 2136 1105 2220 ignium.

1106 2242 1141 2299 R.
1156 2243 1189 2300 B.

678 2379 820 2390 ———

637 2563 717 2636 vua
723 2563 863 2661 fallax.

244 2737 325 2802 Esse
340 2738 417 2823 qvid
431 2737 492 2802 hoc
508 2738 634 2801 dicam?
678 2735 780 2800 Fraus
794 2748 844 2801 est
856 2759 944 2800 mera
957 2736 1041 2814 vita3
1064 2737 1121 2801 sed
1134 2738 1202 2824 ipse

283 2841 391 2905 Lusus
405 2841 502 2905 homo
516 2839 585 2903 ludi
599 2839 720 2924 gaudet
734 2848 881 2925 amatqve
896 2838 1017 2904 dolum.

243 2943 421 3022 Credimus,
439 2952 482 3023 et,
500 2943 587 3020 Cras,
604 2964 671 3006 cras
685 2941 835 3020 solvetur,
852 2941 1005 3006 dicimus:
1029 2943 1118 3028 atqui

287 3045 410 3111 Falsior
423 3045 572 3110 hesterna
587 3045 723 3110 crastiua
736 3042 808 3108 luce
825 3043 892 3108 dies

239 3147 403 3213 Mentitur
415 3148 527 3234 peius:
551 3147 688 3233 spondet
702 3168 785 3210 nova
797 3146 915 3230 gaudia
928 3169 1064 3231 semper,

280 3251 338 3330 Et,
353 3273 437 3316 nova
451 3252 528 3315 dum
542 3250 681 3335 spondet
693 3249 820 3334 gaudia,
835 3250 940 3333 prima
952 3250 1047 3336 rapit.

240 3352 407 3438 Quemqve
420 3353 594 3440 voluptatis
608 3351 693 3417 fallit
707 3375 779 3437 spes
792 3352 874 3416 mira
887 3352 1034 3418 futurae:

282 3455 388 3542 Lapsa
401 3456 462 3521 sibi
476 3456 569 3520 reddi
583 3466 728 3542 tempora
740 3477 835 3520 nemo
849 3466 951 3540 rogat.

239 3555 292 3621 Sic
307 3558 406 3642 igitur
419 3558 542 3623 faecem
556 3558 641 3622 vitae
656 3559 731 3622 dare
745 3580 839 3644 posse
852 3570 1005 3643 putamus

279 3659 417 3740 Gaudia,
434 3683 513 3746 qvae
528 3661 625 3725 nullis
639 3661 793 3746 amphora
805 3672 934 3746 promta
947 3662 1059 3728 dedit?

233 3761 448 3848 Exspectasse
463 3764 518 3830 diu
533 3765 692 3850 magicum
706 3787 757 3828 me
771 3765 918 3849 poenitet
932 3789 1056 3846 aurum,

278 3866 375 3933 Qvod
390 3866 522 3932 iuvenes
535 3868 620 3933 ludit
636 3867 854 3954 despoliatqve
869 3891 970 3934 senes.
1139 3970 1178 4028 K,

687 4085 744 4128 ER
