3250 4692
551 442 735 492 SABRINAE
753 442 929 493 COROLLA.

237 613 285 677 Et
298 612 431 697 longum
445 613 606 698 incipiunt
619 614 931 699 incompositumqve
948 625 1102 692 tenorem,
1153 684 1156 691 ¹

282 716 394 785 Qvalis
407 716 440 780 in
456 716 597 780 humana
610 739 674 780 non
689 728 774 781 amat
789 740 856 781 esse
871 718 950 802 lyra.

240 818 448 905 Obstupuere
461 820 522 884 viri
536 820 642 884 media
655 820 740 884 inter
754 821 882 884 moenia
896 821 1006 899 clausi,

283 922 450 1007 Exitiiqve
466 945 504 988 ea
516 945 582 985 vox
597 924 746 986 omnibus
761 946 856 988 omen
872 934 949 988 erat.

242 1024 326 1110 Ipsis
342 1025 517 1110 qvinetiam
532 1024 599 1089 visa
614 1034 662 1088 est
677 1026 882 1109 cingentibus
896 1025 1009 1089 urbem

284 1126 438 1212 Lugubre
452 1128 559 1191 nescio
575 1128 650 1212 qvid
665 1128 843 1212 significare
858 1127 952 1192 mali:

239 1229 288 1293 Ut
303 1240 423 1294 temere
438 1230 619 1295 adtonitum
635 1253 727 1316 qvom
744 1241 858 1316 pectus
871 1230 1042 1310 inhorruit,
1059 1242 1092 1296 et
1107 1253 1201 1316 qvom

284 1332 489 1419 Purpureum
504 1334 613 1397 subito
628 1333 787 1417 sangvinis
801 1332 905 1397 haesit
919 1334 998 1398 iter:

239 1436 472 1521 Momentoqve
485 1436 575 1499 brevi
589 1436 686 1501 micat
701 1437 813 1515 acrius,
831 1446 864 1499 et
877 1438 982 1521 pudor
997 1437 1096 1500 intrat

282 1538 370 1603 Mira
384 1538 469 1623 qvod
480 1538 513 1601 in
530 1538 629 1602 tacito
644 1538 800 1602 sensimus
815 1539 877 1602 ista
890 1551 991 1619 metu,

241 1640 317 1705 Non
332 1642 426 1706 aliter
441 1664 534 1725 qvam
549 1642 575 1704 si
592 1641 718 1705 tumulo
733 1665 887 1726 campana
900 1656 1034 1729 repente

284 1744 482 1813 Qvamlubet
496 1744 598 1828 ignoti
615 1744 753 1808 destinet
769 1767 840 1807 ossa
853 1744 925 1809 viri.

1101 1850 1138 1906 H.
1151 1850 1184 1906 Τ.

683 2056 797 2131 Ariel.

410 2204 475 2271 Ἴδε
488 2204 533 2289 μ’,
551 2204 576 2270 ὦ
592 2204 717 2286 τέκνον,
735 2209 831 2271 ταῖσι
845 2207 1029 2289 μελίσσοις

415 2310 472 2375 τὸν
487 2307 691 2389 σύνδειπνον,
708 2309 765 2375 τὸν
781 2308 849 2374 ἔσω
865 2311 1011 2382 κάλυκος

414 2411 528 2482 νυκτὸς
543 2412 683 2498 ἀμολγῷ
699 2412 989 2495 κατοκοιμηθένθ,

416 2516 459 2587 ὡς
475 2514 661 2600 νυκτερίδος
675 2514 826 2600 πτέρυγα
841 2517 989 2600 στομίων

589 2619 669 2706 ἄτερ
686 2617 829 2685 εὐθύνων

500 2718 619 2801 βόσκω
635 2721 692 2788 τὸν
706 2722 874 2809 ἀκήρατον
887 2721 1005 2801 ὄλβον.

413 2826 469 2891 καὶ
484 2828 549 2913 Ιγὰρ
564 2826 698 2896 πολλὰς
713 2824 844 2910 πρόσθε
860 2823 1036 2896 κελεύθους

414 2928 520 3009 ἦλθον
533 2930 687 3015 ’γλυκερῷ
702 2926 791 3015 θέρει
806 2928 1019 3014 ἀμφιπολῶν·

414 3036 469 3099 νῦν
484 3030 511 3096 δ’
528 3030 733 3119 εὐφροσύνας
750 3029 855 3118 ἱεροὺς
871 3030 1018 3119 καρποὺς

586 3132 649 3218 εἶμ’
665 3134 871 3227 ἀποδρέψων

497 3238 676 3325 στεφάνοις
691 3238 755 3304 ύπο
773 3237 1051 3326 δενδροκόμοισιν.

1045 3348 1080 3404 G.
1096 3347 1129 3404 0.
1145 3346 1185 3403 M.

678 3427 807 3436 ———-—

611 3538 761 3638 Kepleri
778 3544 877 3617 Sors.

287 3690 375 3754 Ante
390 3690 469 3754 alios
484 3713 594 3755 omnes
608 3692 783 3776 sapientior
797 3692 853 3755 ille
870 3692 1032 3778 Keplerus

329 3792 439 3855 Vitam
455 3793 557 3857 traxit
571 3793 674 3878 inops,
690 3793 876 3878 interiitqva
890 3795 986 3858 fame.

286 3893 415 3958 Profuit
429 3894 577 3958 humanis
592 3896 677 3979 qvod
692 3918 758 3959 non
773 3894 835 3958 nisi
851 3895 1024 3972 mentibus,
1042 3892 1134 3957 illum

329 3997 472 4082 Corpora
486 4008 563 4060 sunt
576 3996 650 4060 ideo
665 4020 757 4083 passa
773 4020 879 4062 carere
895 3998 978 4062 cibo.

734 4118 751 4157 0
1157 4100 1191 4156 K.
