3250 4692
555 439 739 490 SABRINAE
758 439 934 489 COROLLA.

659 767 830 842 Errones.

419 942 530 1021 Stella,
547 943 669 1009 lucenti
684 967 743 1029 per
756 946 852 1009 inane
865 967 972 1030 penna

418 1047 598 1112 Flammeos
612 1048 707 1112 velox
724 1049 843 1133 agitare
859 1071 979 1126 cursus,

419 1150 502 1229 Ede,
520 1174 581 1236 qvo
596 1154 698 1216 noctis
713 1162 771 1216 tua
785 1151 918 1215 nuncin
933 1162 1025 1216 antro

635 1254 751 1319 Pluma
766 1255 930 1341 quiescet?

418 1476 522 1557 Luna,
537 1476 672 1564 pallenti
685 1478 865 1543 veneranda
878 1476 973 1541 vultu

416 1578 537 1643 Devios
552 1578 632 1643 caeli
646 1601 802 1665 peragens
816 1589 952 1657 meatus,

419 1681 493 1749 Qva
507 1681 711 1746 tenebrarum
725 1682 877 1746 recrearis
891 1691 949 1746 aut
963 1704 1025 1767 qva

636 1784 734 1849 Lucis
747 1784 783 1848 in
796 1783 893 1848 atila?

419 2008 540 2086 Vente,
557 2016 714 2071 terrarum
730 2006 819 2072 velut
834 2006 928 2071 exsul
940 2029 1070 2092 aegrum

420 2108 554 2195 Semper
569 2131 708 2173 errorem
722 2131 889 2188 renovans,
905 2110 1052 2174 adhucne

419 2212 532 2276 Servat
546 2234 695 2276 arcanum
711 2212 771 2275 tibi
786 2211 866 2275 silva
879 2212 991 2276 nidum

636 2317 701 2382 Vel
716 2316 811 2381 maris
825 2317 935 2381 unda?

690 2599 823 2609 ιιι-κ...-

566 2814 758 2888 Contentus
774 2812 932 2890 Animus.

290 2987 349 3052 Nil
362 3010 415 3052 me
428 2987 568 3053 solicitat
582 2988 658 3074 qvid
672 2998 720 3068 tu,
737 2990 892 3069 Fortuna,
908 3012 1045 3068 recuses,

290 3091 380 3156 Dum
393 3091 473 3155 mihi
487 3091 632 3157 Naturae
646 3115 784 3178 neqveas
796 3093 923 3157 anferre
940 3094 1086 3158 decorem

289 3194 476 3272 Munificae,
493 3194 573 3258 caeli
586 3217 724 3280 nequeas
740 3195 913 3260 obcludere
927 3195 1043 3274 valvas,

290 3295 377 3363 Qvas
391 3294 520 3360 Aurora
534 3298 647 3382 aperit,
664 3320 756 3362 roseo
770 3298 954 3383 spectabilis
968 3320 1041 3363 ore:

289 3396 366 3463 Neu
379 3398 480 3483 possis
494 3399 632 3463 retinere
648 3400 756 3485 pedes,
773 3400 851 3486 qvin
865 3422 996 3486 vespere
1009 3399 1143 3465 lustrem

291 3498 462 3584 Saltusqvc
476 3501 633 3586 siluasqve
647 3503 689 3566 ad
702 3502 767 3567 vivi
781 3502 924 3567 fluminis
939 3526 1038 3566 oram.

290 3600 326 3665 Si
340 3601 436 3665 modo
450 3602 501 3667 dia
517 3604 611 3668 Salus
626 3603 776 3687 dignetur
787 3605 903 3670 robore
917 3628 1029 3670 nervos

288 3702 335 3768 Et
350 3714 463 3770 tenues
476 3705 603 3770 firmare
617 3706 725 3786 fibras,
742 3729 800 3772 sua
813 3708 932 3793 gandia
945 3730 1057 3793 nugax

290 3806 354 3872 Per
367 3828 419 3871 me
435 3808 531 3872 turba
544 3807 629 3873 colat
642 3831 831 3894 procerum:
854 3810 934 3874 mihi
949 3810 1048 3875 Musa
1061 3811 1202 3895 supersit

287 3907 334 3973 Et
349 3909 449 3975 Ratio
465 3921 499 3975 et
512 3910 645 3978 Virtus:
669 3912 719 3976 his
733 3913 781 3977 nil
794 3935 848 3977 me
862 3912 994 3978 dotibus
1008 3912 1111 3978 orbat.

1151 4014 1190 4071 Κ.
