3250 4692
576 408 759 459 SABRINAE
777 410 953 459 COROLLA.
1221 410 1268 458 1³3

540 669 641 745 Vates
655 669 788 745 Amans
810 670 987 744 Naturae.

305 841 354 905 Ut
367 849 505 905 statuam
519 840 633 915 fertur,
649 840 730 903 miro
744 841 911 925 perculsus
926 863 1044 917 amore,

349 943 540 1028 Pygmalion
555 942 673 1027 cupido
686 942 882 1006 continuisse
898 942 981 1020 sinu,

306 1046 418 1111 Donec
433 1046 467 1120 in
482 1045 651 1132 amplexus
665 1045 787 1108 victum
802 1044 987 1107 mollescere
1001 1066 1150 1123 marmor,

348 1148 493 1232 Vivaque
507 1170 566 1233 per
579 1146 700 1230 gelidas
715 1168 842 1209 currere
857 1146 985 1209 flamma
998 1168 1113 1228 genas3

308 1250 361 1314 Sic
376 1249 529 1313 imberbis
543 1271 604 1333 ego
619 1258 653 1311 et
666 1246 770 1333 primo
786 1270 882 1332 qvom
896 1247 1040 1311 fervidus
1054 1259 1145 1310 aestu

348 1351 494 1415 Naturae
510 1351 630 1414 circum
644 1349 774 1413 brachia
788 1350 874 1414 laeta
890 1349 975 1427 dedi,

307 1452 481 1537 Adspirate
496 1452 575 1515 mihi
590 1451 758 1535 subituqve
774 1451 931 1515 calescere
946 1452 1012 1515 vita

352 1554 481 1640 Incipit,
498 1565 532 1617 et
545 1553 703 1638 gremium
718 1554 800 1617 vatis
814 1576 920 1617 amare
935 1553 997 1631 sui,

308 1657 504 1742 Incendiqve
519 1657 609 1734 meis,
625 1678 704 1739 qvae
719 1677 824 1741 nuper
838 1653 965 1739 frigida,
982 1655 1128 1735 flammis,

350 1760 407 1838 Et,
424 1782 503 1845 qvae
517 1760 605 1823 vocis
620 1781 727 1843 egens,
744 1758 853 1822 omnia
865 1781 959 1843 posse
973 1759 1072 1843 loqvi,

313 1860 416 1924 Nosse
431 1861 494 1924 mei
509 1860 613 1925 cordis
627 1870 745 1939 motus,
762 1871 805 1938 et,
822 1861 940 1945 pignus
954 1861 1081 1940 amoris,

352 1963 434 2027 Mile
449 1964 529 2028 mibi
544 1964 633 2027 denti
647 1964 736 2028 basia
751 1964 828 2027 mile
844 1965 931 2030 dare.
1287 2043 1291 2049 ⁹

308 2066 394 2130 Tum
407 2089 489 2144 rose,
507 2078 584 2130 tunc
599 2066 693 2130 arbor
707 2065 787 2130 mihi
802 2068 930 2145 vivere;
954 2078 1024 2131 tum
1038 2067 1119 2132 mibi
1130 2090 1233 2155 prono

351 2168 491 2232 Rivulus
505 2180 636 2254 argento
651 2191 747 2233 suave
763 2170 847 2233 ciere
862 2170 982 2235 melos:

308 2270 366 2335 Nil
379 2294 443 2334 uon
458 2272 610 2350 sentiscit,
628 2272 769 2357 qvamvis
784 2273 853 2337 sine
868 2295 1001 2338 munere
1016 2274 1143 2352 mentis,

352 2372 466 2457 Deqve
480 2396 570 2437 meae
584 2374 668 2439 vitae
683 2374 774 2438 fonte
789 2375 913 2439 fluenta
926 2376 1021 2440 bibit.

1172 2478 1210 2535 K.

653 2690 898 2699 ——-——-—-.

711 2947 835 3021 Fama.

311 3114 434 3192 Gloria,
451 3112 644 3199 magnanimi
661 3113 714 3197 qvi
729 3112 870 3198 pectoris
885 3112 1019 3177 ultimus
1034 3135 1131 3191 error,

311 3215 425 3280 Gloria
439 3214 541 3280 calcar
554 3214 653 3278 habet
669 3216 754 3300 qvod
768 3215 923 3299 adurgeat
937 3214 1031 3299 ignea
1045 3215 1141 3278 corda

312 3318 453 3382 Delicias
468 3317 622 3402 sprevisse
638 3327 671 3380 et
685 3318 818 3381 acerbos
832 3317 948 3401 degere
963 3316 1056 3381 soles.

313 3419 419 3485 Qvom
435 3430 542 3483 tamen
557 3428 668 3504 optato
683 3441 849 3504 speremus
863 3442 955 3505 posse
970 3419 1069 3504 potiri

313 3521 462 3600 Munere,
480 3532 513 3585 et
528 3523 561 3586 in
576 3522 716 3586 subitam
732 3522 881 3586 tenebras
894 3544 1100 3607 perrumpere
1114 3521 1230 3600 lucem,

313 3624 416 3687 Caeca
428 3624 517 3687 venit
531 3622 629 3687 Furia
644 3636 738 3708 atqve
753 3624 856 3688 invise
870 3623 981 3688 forfice
995 3625 1080 3688 vitae

314 3725 437 3791 Tenvia
449 3725 504 3790 fila
517 3736 613 3791 secat.
661 3726 727 3790 Sed
741 3749 807 3790 non
822 3738 940 3805 tamen,
956 3727 1065 3812 inquit
1080 3726 1212 3810 Apollo,

315 3827 408 3893 Illius
423 3838 457 3893 et
470 3828 618 3909 laudem;
641 3852 677 3893 ac
693 3830 846 3895 tremulas
859 3829 956 3895 simul
970 3831 1115 3914 increpat
1128 3852 1231 3892 aures.

1026 3963 1065 4020 H.
1079 3961 1117 4019 A.
1132 3962 1160 4020 J.
1174 3961 1216 4018 M.
