3250 4692
558 421 742 471 SABRINAE
760 422 937 472 COROLLA.

568 738 692 815 Docta
710 742 923 839 Paupertas.

287 923 389 1003 Mors,
405 924 531 1009 geniale
546 934 655 1010 caput,
672 946 739 988 non
753 924 944 1011 adspernata
958 938 1137 1008 vocantem,

331 1026 412 1091 Tam
426 1028 531 1092 vicina
544 1027 624 1091 mihi
637 1028 737 1091 sicine
752 1040 855 1092 castra
867 1029 976 1094 locas?

289 1128 377 1195 Qvin
391 1130 525 1195 serimus
540 1130 693 1194 dextras?
729 1128 857 1193 Sociam
870 1130 1029 1217 fidamqve
1044 1155 1183 1197 sororem

331 1232 379 1297 Te
396 1232 566 1319 tranquilla
580 1232 661 1297 mihi
675 1243 784 1297 nectat
798 1234 949 1300 amicitia.

288 1453 389 1538 Fugit
402 1454 487 1518 laeta
501 1452 596 1530 salus,
613 1474 729 1517 aurum
742 1452 823 1516 mihi
838 1452 935 1537 fugit,
952 1464 986 1517 et
999 1475 1064 1517 una

331 1556 501 1640 Fugerunt
514 1554 633 1618 hilares
647 1554 721 1633 iam,
738 1555 817 1619 mihi
835 1556 938 1635 crede,
956 1556 1034 1635 dies,

289 1658 426 1725 Qvando
442 1681 501 1743 ego
516 1680 574 1743 per
588 1657 700 1741 longas
714 1658 803 1721 luces
817 1669 990 1744 noctesqve
1005 1658 1160 1743 legebam,

332 1762 492 1848 Poclaqve
507 1783 581 1826 cum
596 1762 682 1827 socio
695 1784 767 1825 rara
781 1760 925 1826 levamen
941 1775 1041 1828 erant.

288 1983 440 2049 Neutone
456 1981 486 2047 Ο
500 1993 599 2069 tuqve
614 1984 772 2049 Euclidae
786 1983 979 2049 venerabilis
993 1985 1117 2065 umbre,

330 2088 498 2172 Doctaqve
514 2087 688 2153 Graiorum
704 2110 760 2151 vos
774 2099 994 2168 monumenta,
1010 2088 1096 2167 libri,

287 2189 364 2255 Heu
380 2189 459 2254 mihi
474 2213 567 2275 qvam
582 2200 701 2254 taetros
715 2190 846 2275 legastis
860 2214 956 2275 saepe
970 2191 1105 2270 dolores,

331 2292 460 2359 Qvanta
474 2315 528 2356 cor
542 2293 658 2356 invasit
673 2304 853 2377 qvantaqve
868 2292 996 2357 {lamma
1009 2298 1126 2380 caput!

289 2516 354 2581 Sed
368 2526 475 2580 tumen
489 2516 663 2593 inmensus,
679 2515 791 2601 spatiis
805 2515 948 2579 inclusus
962 2515 1089 2601 iniqvis,

330 2620 433 2684 Urere
447 2630 636 2683 nocturnam
651 2618 800 2703 lampada
813 2618 907 2682 iussit
921 2641 1020 2683 amor.

287 2723 401 2788 Multa
415 2721 611 2799 laborabam,
628 2720 789 2805 fingebam
805 2721 926 2785 somnia
942 2721 1055 2800 multa,

331 2824 464 2889 Somnia
478 2846 558 2909 qvae
573 2822 682 2887 subito
697 2822 835 2908 dispulit
849 2834 918 2887 orta
933 2822 1011 2887 dies.

287 3045 353 3111 Sed
366 3044 418 3109 vel
432 3044 536 3109 adhuc
552 3042 709 3129 trepidam
724 3042 805 3126 (noli
819 3042 937 3127 ridere)
952 3042 1106 3108 fovebant

331 3148 430 3234 Spem
445 3148 524 3212 mihi
540 3147 682 3225 divitiae,
698 3145 808 3226 robur,
824 3146 928 3211 inanis
940 3146 1054 3213 honor.

286 3252 375 3336 Ergo
391 3250 554 3315 doctrinae
569 3250 723 3314 scandens
736 3250 905 3314 interritus
919 3272 1007 3314 arces

329 3353 495 3419 Deciduus
508 3353 602 3439 lapsu
615 3352 850 3440 praecipitante
863 3374 934 3418 ruo.

287 3578 410 3641 Actum
424 3580 490 3641 est!
514 3598 609 3641 nemo
624 3576 704 3641 mihi
719 3576 830 3641 Macte
844 3574 1044 3641 adclamabat
1057 3588 1091 3640 et
1106 3576 1211 3662 Euge,

333 3678 440 3742 Nemo
454 3678 544 3764 operi
559 3701 675 3763 magno
690 3678 919 3764 suppeditabat
934 3700 1038 3763 opem.

289 3781 343 3846 Sic
358 3804 418 3865 ego
433 3780 584 3845 deficiens
598 3803 692 3865 aegra
706 3792 739 3844 te
753 3804 831 3845 voce
844 3782 965 3861 vocavi,

331 3882 445 3968 Tuqve
460 3882 539 3947 mihi
553 3882 676 3947 fautrix
692 3890 821 3968 tempus
835 3881 869 3947 in
886 3904 980 3945 omne
995 3881 1094 3947 venis.

1148 3986 1188 4043 K.
