3250 4692
555 434 739 485 SABRINAE
757 434 934 484 cononis.

545 696 838 796 Lotophagornm
853 694 951 771 Vota.

374 862 436 927 Est
450 862 518 948 ipse
532 872 653 949 pontus
668 863 775 927 taedio
791 874 826 927 et
838 863 1009 927 imminens

376 966 522 1052 Superne
537 965 672 1044 eaelum,
689 966 816 1031 caerula
830 966 965 1031 caerulis

442 1068 612 1147 Porreota3
637 1091 694 1133 our
709 1078 799 1133 tanto
811 1068 922 1132 labore

509 1172 600 1237 Gens
614 1171 748 1235 terimus
759 1172 905 1257 peritura
916 1172 1039 1236 vitam?

379 1342 525 1407 Tandem
538 1365 716 1430 precamur,
733 1342 875 1428 qvisqvis
889 1366 933 1422 es,
950 1343 1075 1407 abstine

378 1446 495 1510 Lassos
508 1444 675 1530 fatigandi,
692 1454 731 1509 ut
744 1446 883 1531 pedibus
895 1445 964 1509 ruit

444 1545 589 1631 Tempus
603 1546 719 1625 citatis,
736 1558 906 1632 nostraqve
921 1570 1000 1612 aevo

508 1648 635 1713 Funota
649 1650 739 1713 brevi
754 1649 845 1714 labra
859 1649 1078 1717 conticebunt.

382 1820 471 1888 Qvid
484 1842 549 1884 non
565 1820 746 1885 caducum?
790 1819 857 1885 Cur
870 1820 976 1885 brevis
990 1821 1123 1887 inchoet

381 1924 479 2009 Spem
494 1922 683 2008 longiorem,
700 1922 825 2007 singula
839 1923 892 1987 cui
906 1946 965 1988 sua

445 2027 631 2112 Raptantur
646 2036 879 2111 extorqventur
894 2027 978 2092 eheu

512 2130 674 2195 Tristibus
688 2128 923 2195 adcumulanda
937 2129 1051 2195 fastis?

383 2301 561 2367 Cessemus.
607 2301 733 2387 Ecquid
747 2301 872 2387 profuit
885 2302 1002 2367 invidis

384 2404 515 2468 Cartare
530 2403 635 2467 divis?
679 2403 822 2467 Pontum
835 2403 1029 2469 iterantibus

448 2506 543 2573 Quae
557 2528 635 2591 pax,
649 2504 707 2568 ubi
722 2517 869 2569 aeternat
881 2506 1008 2571 labores

516 2607 613 2671 Unda
627 2606 855 2691 superveniens
868 2606 903 2671 in
918 2609 1062 2673 undam?

386 2778 445 2845 Nil
459 2801 524 2843 non
539 2778 691 2864 quiescit:
716 2800 775 2841 neo
790 2776 853 2842 nisi
866 2777 974 2842 funeri

386 2882 535 2947 Maturat
548 2891 636 2945 aetas
651 2881 776 2946 omnia:
801 2881 843 2945 da
856 2880 939 2945 mori
954 2891 1011 2945 aut

453 2984 583 3049 Cessare
597 2982 710 3061 nobis3
735 2983 776 3048 da
790 2983 930 3067 qvietem

517 3086 733 3151 Somniferam
748 3084 936 3150 tenebrasve
949 3084 1020 3152 leti.

1058 3191 1106 3250 W.
1121 3191 1156 3252 G.
1172 3192 1204 3253 O.

701 3283 833 3293 ——

602 3425 744 3501 Amoris
763 3426 923 3527 Sagitta.

302 3597 376 3665 Ἰθὺ
390 3599 704 3684 παλνγνάμπτοισιν
714 3599 828 3688 Ἔρως
842 3600 1053 3683 καλάμοισιν
1067 3598 1191 3682 ἰάπτει,

347 3702 450 3785 τλῆθί
460 3730 529 3788 μιν,
545 3704 583 3769 οὐ
598 3707 724 3790 πικρῶς
740 3702 889 3769 κείσεται
903 3703 924 3784 ἡ
939 3702 1076 3783 βελόνη.

304 3802 339 3877 bs
355 3804 390 3871 δέ
404 3832 463 3889 μιν
477 3808 621 3895 ὑβρίζων
634 3809 737 3895 πειρᾷ
751 3808 839 3873 κατὰ
853 3806 973 3894 κάρτος
988 3808 1161 3886 ἀποσπᾶν,

349 3908 457 3991 ἄθλιε,
472 3908 520 3994 μὴ
535 3911 595 3993 τὴν
610 3908 673 3993 σὴν
688 3908 846 3998 ἐξερύσῃς
860 3907 1006 3997 κραδίην.

1072 4012 1111 4070 Η.
1126 4012 1154 4071 J.
1170 4012 1209 4068 H.
