3250 4692
365 402 412 452 272
607 347 616 365 1
684 399 869 448 saunlunu
887 399 1062 449 COROLLA.

410 569 541 634 Prosilit
555 592 595 633 en
609 569 740 655 vulpes!
765 569 821 659 aed
836 591 915 654 qvae
930 590 1019 633 mora
1033 567 1139 633 tardat
1155 572 1315 632 euntem?

452 672 486 735 N
488 694 540 751 on,
556 672 657 736 veluti
672 695 741 736 mos
756 684 805 735 est
819 671 980 757 vulpibus,
994 672 1049 735 illa
1064 671 1166 756 fugit3

409 772 479 838 Iam
493 774 578 838 volat
592 797 611 837 e
625 774 775 851 latebris;
799 774 864 837 iam
880 797 945 838 non
960 774 1047 858 fugit
1062 797 1153 853 ecee;
1178 776 1300 838 reverti

450 876 507 940 Ad
520 899 634 961 specus
647 877 815 963 antiquum
831 888 968 963 notaqve
980 878 1082 942 lustra
1095 890 1196 963 parat.

410 978 517 1042 Sicine
532 1002 591 1043 nec
605 980 710 1065 campi
724 1002 828 1064 neqve
842 978 963 1045 habent
977 979 1107 1043 dumeta
1121 980 1284 1044 salutem?

452 1080 523 1145 Nee
537 1104 595 1145 sua
609 1082 697 1146 fraus
710 1081 799 1145 illam
815 1080 1031 1167 calliditasque
1046 1082 1158 1147 iuvat?

409 1184 481 1251 Qva
493 1207 594 1270 prope
610 1184 650 1248 de
664 1184 764 1248 rheda
779 1184 941 1247 Venatn'x
957 1184 1062 1268 Regia
1077 1208 1187 1249 cursus

453 1288 624 1373 Prospicit‚
638 1289 752 1353 audaci
766 1290 905 1353 vertitur
918 1288 974 1353 illu
988 1288 1075 1373 fuga.

409 1391 426 1455 I
441 1392 554 1476 procul
568 1392 643 1456 hinc
658 1391 789 1476 vulpes;
813 1414 879 1455 non
893 1391 945 1455 hie
962 1392 1120 1457 tutamina
1133 1392 1237 1456 fraudi
1250 1418 1258 1470 3

452 1492 554 1558 Nulla
567 1493 653 1558 salus
667 1493 779 1558 sceleri
792 1504 842 1557 est
855 1493 1089 1580 praesidiumve
1105 1504 1173 1559 tuo.

408 1595 522 1680 Regia,
537 1595 564 1659 si
579 1593 691 1673 nescis,
707 1604 856 1679 spectant
870 1607 902 1658 te
917 1594 1058 1675 lumiua;
1082 1596 1158 1680 qvin
1170 1607 1207 1659 tu

450 1698 592 1762 Fortiter
605 1698 777 1762 instantem
792 1698 878 1762 disee
890 1699 999 1762 subire
1014 1720 1134 1763 necem.

407 1801 478 1865 Nee
493 1822 602 1878 ταυτας
627 1822 706 1885 qvae
721 1800 828 1863 fuerat
844 1810 935 1865 tanto
949 1799 1130 1885 stupefacta
1145 1802 1292 1865 tumultu

450 1902 609 1987 Deposito
623 1902 723 1966 sumit
737 1902 834 1965 fortia
849 1902 944 1967 eorda
957 1912 1066 1981 metu;

408 2004 492 2068 Nam
507 2004 621 2083 voluit,
638 2004 722 2067 vitae
739 2026 833 2089 qvom
850 2027 921 2088 spes
935 2004 997 2069 sibi
1012 2004 1101 2070 nulla
1115 2017 1268 2085 maneret,

450 2106 586 2171 Viveret
600 2118 639 2169 ut
652 2106 747 2184 fama,
764 2105 933 2189 splendida
947 2106 1065 2192 praeda
1081 2109 1171 2172 mori.

407 2208 502 2272 Felix
517 2220 619 2272 morte
633 2219 699 2284 tua,
716 2210 768 2271 eui
784 2218 909 2272 tantum
923 2208 1023 2273 funus
1035 2209 1165 2275 honoris

451 2309 600 2375 Adtulit:
625 2308 760 2374 exuvias
772 2309 862 2393 regia
878 2310 993 2375 dextra
1008 2311 1102 2397 capit.

408 2412 502 2476 Felix
516 2422 619 2477 morte
633 2423 706 2476 tua:
732 2424 767 2476 tu
784 2435 849 2476 uon
864 2413 931 2477 siue
945 2413 1040 2477 laude
1055 2414 1182 2493 iacebis,

452 2514 542 2579 Inter
556 2515 723 2601 vulpinum
737 2515 840 2599 gloria
853 2516 957 2601 prima
967 2539 1077 2601 genus.

1158 2624 1205 2682 W.
1221 2625 1255 2683 G.
1271 2627 1310 2684 H.

701 3114 845 3189 Χαλεπαὶ
862 3114 907 3191 παὶ
923 3123 1027 3194 καλά.

407 3305 549 3391 Κύπριν,
565 3304 755 3390 Ἀθηναίην,
764 3308 875 3399 Ἥρην
888 3314 999 3400 Πάρις
1017 3314 1082 3382 εἶδε
1097 3318 1313 3404 βραβεύσων,

449 3409 523 3495 εὗρε
538 3409 565 3476 δ’
582 3410 659 3478 ἰδὼν
673 3413 794 3499 κρίνειν
808 3416 852 3485 ὡς
867 3416 990 3505 χαλέπ’
1006 3418 1046 3500 ἧν
1060 3420 1103 3485 τὰ
1118 3424 1217 3489 καλά.

406 3510 464 3579 εἴτ’
482 3513 601 3596 ἔμολεν
615 3516 775 3605 Σπάρτην
788 3518 924 3602 Ἑλένης
940 3521 981 3587 δι’
998 3523 1116 3611 ἔρωτα,
1133 3525 1214 3592 τὸδ’
1232 3530 1327 3603 εὐθὺς

449 3615 523 3701 εὗρε
535 3618 651 3700 μολὼν
665 3620 823 3689 κλέπτειν
838 3624 881 3694 ὡς
897 3624 1022 3713 χαλέπ’
1038 3627 1078 3709 ἧν
1093 3628 1135 3694 τὰ
1149 3634 1249 3696 καλά.
1362 3616 1367 3625 .

405 3717 440 3783 ἐν
454 3714 490 3782 δὲ
505 3718 597 3787 τέλει
612 3724 760 3792 πλοῦτόν
773 3725 803 3790 τ’
820 3724 944 3798 ὀλέσας
962 3728 1091 3819 ἄλοχόν
1106 3758 1142 3797 τε
1156 3732 1236 3813 βίον
1250 3762 1287 3800 τε

448 3820 522 3907 εὗρε
539 3822 644 3890 θανὼν
658 3826 775 3907 σώζειν
790 3830 834 3900 ὡς
849 3831 975 3918 χαλέπ’
991 3832 1031 3914 ἧν
1046 3836 1089 3899 τὰ
1104 3837 1204 3902 καλά.

1177 3960 1208 4017 C.
1224 3961 1257 4019 Τ.
1273 3962 1305 4021 C.
