3250 4692
570 456 754 506 SABRINAE
773 456 949 507 COROLLA.
1214 460 1263 511 299

257 620 363 709 ὑψόέ
379 622 570 711 ἀειρόμενον
585 622 621 689 δέ
636 622 851 712 κορύσσεται,
869 622 979 689 εἰσόκε
993 624 1104 713 ῥηχθῇ

256 728 430 811 προβλῆτι
443 727 614 813 σκοπέλῳ·
640 728 683 798 ὡς
699 730 764 793 τῶν
778 726 874 810 μάλα
890 723 1006 807 τηλόθ’
1024 726 1142 810 όμιλος

258 828 337 895 ἔνθα
353 830 410 897 καὶ
426 828 503 912 ἔνθ,
520 830 570 917 ἐφ’
586 829 667 897 ὅσον
682 834 751 917 φῶς
765 830 936 897 πέπταται
951 831 1090 914 ἠελίοιο,

258 933 401 1020 ἐξεφάνη
416 932 556 1000 πεδίονδ’
572 932 794 1020 ότρννομένων
808 933 1030 1023 προχέεσθαι.

258 1037 321 1104 σὺν
335 1038 363 1104 δ’
381 1038 503 1105 ἔπεσον
516 1039 656 1125 μεγάλῳ
673 1037 797 1124 ὁμάδῳ,
814 1037 960 1124 σμερδνὰ
976 1039 1138 1128 ἰάχοντες,

258 1140 294 1208 έν
309 1140 335 1206 δ’
352 1140 419 1229 ἔρις
435 1140 520 1231 ὦρτο
536 1144 670 1228 βαρεῖα,
687 1141 855 1227 σιδήρειός
870 1140 897 1207 τ’
914 1140 1109 1228 ὀρυμαγδός·

258 1244 417 1333 λαμπρὸν
432 1245 460 1311 δ’
475 1246 603 1328 ἠελίοιο
619 1246 743 1312 κύκλον
757 1244 878 1317 σκότος
893 1246 1149 1334 όμφικάλυφεν,

259 1348 371 1435 τείρεα
386 1347 422 1415 δὲ
436 1352 586 1430 πτῶσσε,
603 1348 727 1434 στέφος
742 1348 892 1436 ούρανοῦ,
908 1348 966 1431 ἠδὲ
982 1350 1118 1431 σελήνη,

260 1454 327 1518 τῶν
340 1451 406 1518 ὕπο
420 1451 647 1537 μαρναμένων·
672 1450 727 1516 διὰ
742 1449 770 1517 δ’
785 1450 926 1533 ἠνεκέως
942 1452 1118 1541 ἐμάχοντο,

261 1551 337 1619 οὐδέ
351 1579 384 1620 τι
396 1552 606 1636 όμβολαδήν.
647 1552 744 1640 Ἄρης
760 1551 786 1618 δ’
802 1553 854 1639 ἄρ’
871 1553 1023 1641 ἐφαίνετο
1039 1552 1124 1625 ἶσος.

261 1656 302 1739 δι)
317 1655 385 1723 τότ’
399 1657 453 1744 ἄρ’
469 1656 569 1729 αὐτὸς
584 1657 668 1739 ἅναξ
683 1653 787 1745 ὁρόων
801 1660 871 1728 τοῖς
886 1655 956 1722 οίσι
972 1656 1141 1740 κέλευσεν,

262 1759 297 1827 οἱ
310 1760 346 1828 δὲ
359 1760 446 1843 βοὴν
461 1759 549 1843 ἵεντ’,
565 1760 632 1828 οὐδ’
649 1760 862 1850 ἀμφήριστον
878 1760 1000 1841 ἔθηκαν

262 1863 448 1949 σευόμενοι·
471 1863 548 1936 τοὺς
564 1864 600 1929 δὲ
615 1864 735 1951 τρόμος
751 1864 885 1944 ἔλλαβε
898 1868 977 1947 ιγυῖα
992 1863 1188 1952 τραπέντας,

263 1972 386 2056 φεῦγον
402 1967 429 2033 δ’
445 1968 535 2055 ὄφρα
550 1966 679 2053 πύλῃσι
693 1968 915 2053 παρέστασαν
930 1967 1132 2055 ούρανίῃσιν·

263 2070 328 2139 ἔνθ’
343 2072 494 2143 ἀέκοντες
508 2071 666 2161 ἔπεσχον,
682 2070 882 2154 ἀμείλικτον
896 2070 923 2136 δ’
940 2069 994 2136 ὄπ’
1010 2071 1168 2137 ἄκουσαν.

324 2175 473 2263 Ἔρρετε,
490 2176 643 2257 νηπύτιοι
659 2175 716 2241 καὶ
730 2175 896 2247 όπειθέες·
920 2174 1038 2262 οὐγὰρ
1055 2174 1101 2241 ἔθ’
1119 2177 1195 2260 ὑμῖν

263 2278 401 2365 οὐρανὸν
416 2280 553 2346 ε’νναίειν
568 2279 624 2344 καὶ
640 2280 810 2362 ἀμύμονας
826 2278 964 2344 ἔσσεται
981 2277 1088 2365 ἕδρας,

262 2381 343 2449 ἀλλ’
359 2382 509 2470 ὑπένερθ
526 2382 634 2448 ἀίδαο·
657 2380 754 2448 πόνοι
770 2381 808 2447 δὲ
826 2382 883 2447 καὶ
899 2379 1072 2465 όκόματον
1086 2386 1153 2468 πῦρ

263 2484 367 2566 νηλέα
381 2486 594 2571 τειρήσοοσιν
609 2484 791 2556 ἆνέλπιδας
807 2484 991 2556 ἀθανάτους
1006 2510 1054 2551 τε.

323 2585 371 2655 Ἦ
384 2588 440 2677 ῥα,
456 2587 708 2672 κυλινδομένους
724 2587 754 2653 δ’
771 2588 803 2659 ἐς
819 2588 992 2676 Τάρταρον
1006 2586 1066 2669 ἧκε
1081 2586 1256 2675 φέρεσθαι.

1130 2724 1158 2783 J.
1173 2726 1208 2783 R.

273 3268 280 3279 .
400 3210 536 3284 Nullus
552 3210 603 3283 ad
617 3210 763 3283 amissas
779 3210 844 3283 ibit
861 3208 1004 3281 Amicos
1023 3206 1129 3307 Opes.

350 3389 451 3455 Dives
465 3400 588 3455 amator
603 3412 691 3455 eras:
715 3389 825 3454 desisti
839 3412 962 3476 pauper
976 3411 1100 3455 amare:

394 3492 476 3556 Tam
490 3492 648 3556 medicina
661 3502 777 3578 potens
790 3501 839 3555 est
853 3493 887 3555 in
901 3514 1009 3556 amore
1023 3490 1134 3557 fames.

353 3592 444 3661 Qvae
459 3604 492 3659 to
506 3594 685 3659 suaviolurn
701 3594 889 3681 dulcemqve
901 3595 1035 3659 vocabat
1050 3594 1193 3659 Adonim

395 3695 492 3761 Nunc
507 3698 618 3761 eadem
633 3699 687 3783 qvi
699 3698 742 3762 sis
757 3697 883 3783 Phyllis
898 3707 931 3762 et
945 3697 1031 3763 unde
1044 3707 1146 3781 rogat.

354 3798 408 3861 Ah
425 3798 575 3883 Corydon
591 3800 753 3885 Corydon,
770 3800 911 3865 didicisti
926 3786 1026 3864 oerior
1039 3800 1140 3865 illud:

396 3900 536 3966 ‘Nullus
551 3904 592 3966 ad
606 3903 733 3967 amissas
747 3904 809 3967 ibit
824 3903 944 3967 amicus
961 3904 1058 3988 opes.’

932 4030 969 4087 rr.
985 4029 1033 4109 (ιι
1046 4029 1132 4088 Ano.
1150 4031 1217 4110 οι.)
