3250 4692
582 436 767 487 snanlnau
786 437 962 489 COROLLA.

562 732 625 806 Aa
643 735 807 809 Umbram
826 737 985 811 Mariae.

353 910 454 973 Stella
469 912 673 977 recedentem
687 913 751 978 iam
765 916 891 1000 iamqve
906 916 1062 981 minutior
1075 917 1186 981 orbem

399 1013 504 1078 Obvia
516 1014 659 1080 luciferis
671 1039 736 1081 una
749 1029 872 1082 morata
885 1020 974 1098 rotis,

354 1114 416 1178 Illa
430 1117 498 1180 dies
512 1117 594 1181 duce
610 1129 642 1182 te
656 1120 805 1185 volvente
821 1121 976 1186 relabitur
991 1145 1074 1187 anno

397 1217 470 1284 Qve
483 1218 548 1283 fuit
562 1242 580 1283 e
594 1230 704 1284 nostro
719 1232 811 1306 rapta
826 1222 933 1286 Maria
949 1224 1033 1287 sinu.

353 1317 384 1381 Ο
399 1320 577 1384 animarum
591 1322 750 1407 adscripta
764 1322 871 1402 choro,
888 1324 1004 1389 dilecta
1018 1324 1133 1403 Maria,

397 1421 460 1485 Illa
474 1422 597 1502 domus,
613 1423 695 1487 felix
710 1446 771 1508 qva
785 1425 967 1509 reqviescis,
984 1427 1042 1490 ubi
1058 1430 1131 1491 est?

354 1522 588 1610 contemplaris
602 1525 693 1590 humi
706 1538 902 1614 prostratum
917 1528 951 1591 in
966 1529 1109 1614 pulvere,
1127 1542 1161 1594 et
1173 1532 1264 1595 audis

395 1628 525 1694 Qvanto
539 1651 572 1693 se
587 1630 713 1713 gemitu
729 1640 879 1716 torqueat
892 1632 981 1695 intus
996 1634 1128 1696 amans?

351 1830 449 1895 Mene
464 1831 544 1896 sacri
558 1832 606 1897 fas
621 1844 670 1898 est
684 1833 804 1897 oblivia
819 1835 972 1918 temporis
986 1856 1127 1919 unqvam

392 1934 531 2014 Ducere,
547 1958 641 2000 mene
656 1959 779 2000 sacrum
794 1958 859 1999 non
873 1936 1054 2000 meminisse
1068 1960 1192 2017 nemus,

351 2035 423 2102 Qva
437 2038 560 2122 patriae
573 2049 706 2123 propter
718 2040 825 2103 flexus
841 2039 1048 2103 convenimus
1062 2040 1178 2118 undae,

390 2137 647 2225 Extremumque
662 2141 747 2205 diem
761 2152 895 2205 mutuus
910 2141 977 2225 egit
991 2143 1102 2205 amor?

349 2238 449 2304 Nulla
464 2253 551 2306 aetas
565 2243 671 2306 animo
685 2255 895 2308 monumenta
908 2244 1063 2328 perennia
1078 2245 1200 2324 demet;

392 2340 463 2406 Nec
477 2344 558 2408 mihi
572 2344 705 2410 deliciae
719 2346 912 2431 praeteriere
927 2368 1026 2411 meae.

349 2443 424 2508 Non
440 2448 561 2531 species
574 2449 677 2512 omnis
692 2459 748 2511 tua
763 2448 884 2526 venuit,
902 2449 1010 2513 oscula
1025 2450 1126 2534 qvalis

390 2546 525 2629 Ultima,
540 2572 600 2615 nec
614 2550 707 2615 nobis
723 2550 840 2615 ultima
854 2550 931 2627 visa,
948 2550 1055 2617 dabas.

347 2752 499 2838 Lympha
511 2763 711 2819 susurrantes
725 2754 868 2840 riparum
883 2755 1033 2840 amplexa
1046 2756 1172 2839 lapillos

392 2856 518 2920 Fronde
532 2854 710 2941 superfusis
724 2855 793 2919 ibat
808 2878 907 2941 opaca
919 2858 1028 2935 vadis3

348 2958 512 3043 Spinaque
528 2980 606 3022 cana
619 2980 716 3042 vagos
730 2958 885 3022 miscebat
899 2959 1060 3043 odoraqve
1074 2959 1179 3023 flexus

390 3060 509 3125 Betula
522 3084 581 3145 per
594 3060 725 3138 laetum,
741 3083 800 3145 par
813 3060 949 3143 geniale,
965 3060 1082 3125 locum.

346 3162 502 3227 Germina
515 3162 690 3245 surgebant
702 3162 790 3245 tangi
804 3163 989 3247 poscentia;
1012 3185 1071 3227 nec
1088 3163 1141 3248 qvi

386 3264 508 3327 Ramus
523 3286 663 3327 amorem
677 3263 784 3327 avium
798 3286 864 3327 non
878 3274 1051 3342 resonaret,
1070 3276 1157 3329 erat:

347 3364 436 3430 Dum
449 3365 547 3429 rubet
564 3364 721 3451 Hesperia
736 3364 861 3429 caelum
876 3366 916 3429 de
928 3379 1032 3452 parte,
1050 3367 1196 3452 diemque

389 3467 467 3532 Heu
481 3468 576 3532 nimis
590 3468 726 3533 admissa
739 3468 873 3533 nuntiat
887 3468 934 3532 ire
949 3480 1030 3535 rota.

346 3670 417 3736 Illis
432 3670 554 3736 deliciis
569 3672 745 3736 etiamnum
756 3671 869 3751 laetor,
886 3681 919 3735 et
932 3673 997 3738 illis

389 3772 545 3852 Inmoror,
563 3773 702 3837 occultas
716 3774 801 3838 inter
816 3796 929 3838 avarus
945 3798 1031 3861 opes.

345 3874 506 3961 Tempore
521 3876 634 3940 crescit
649 3876 752 3939 adbuc
769 3878 965 3941 constantior
978 3879 1065 3943 intus
1079 3878 1196 3961 imago,

389 3976 499 4040 Altior
512 3978 559 4040 ire
574 3976 663 4041 latex
680 3989 824 4062 tempore
840 3976 940 4061 qvalis
954 3991 1049 4042 amat.

747 4100 763 4141 s
