3250 4692
585 459 767 510 SABRINAE
786 461 962 510 COROLLA.

560 861 744 937 Proelium
761 861 980 937 Lindenium.

403 1051 598 1118 lntaminata
611 1054 784 1120 canduerat
797 1055 882 1134 nive,

401 1153 566 1238 Vergente
582 1155 727 1235 Phoebo,
744 1156 942 1222 Lindenium
955 1178 1078 1236 nemus,

469 1256 672 1343 Brumaeqve
687 1259 822 1324 liventes
836 1259 978 1324 tenebris

534 1359 610 1424 Ibat
623 1383 719 1446 agens
734 1361 822 1426 ferus
836 1361 938 1425 amnis
953 1361 1063 1425 undas.

404 1581 469 1645 Sed
483 1604 550 1646 nox
564 1581 710 1648 locorum
725 1593 831 1647 mutat
845 1583 1028 1668 imaginem,

403 1685 511 1752 Qvom
526 1696 753 1771 tympanorum
767 1698 920 1772 provocat
934 1686 1055 1751 acrium

469 1788 608 1872 Clangor
621 1811 680 1874 per
694 1787 822 1854 inlunes
836 1812 979 1854 recessus

528 1890 688 1956 Letiferas
701 1891 825 1957 radiare
841 1892 1002 1956 flammas:

403 2113 459 2177 Ad
473 2113 563 2198 signa
577 2115 744 2180 taedarum
759 2126 793 2179 et
807 2113 961 2199 strepitus
976 2115 1075 2179 tubae

404 2214 548 2279 Bellator
563 2239 671 2281 ensem
686 2217 826 2303 conripit
839 2239 977 2281 aeneum
991 2225 1025 2280 et

470 2318 674 2384 Bacchantur
687 2320 834 2385 hinnitus
849 2321 958 2406 eqvini

533 2420 709 2486 Terribiles
722 2422 898 2506 glomerare
913 2431 1043 2487 coetus:

405 2639 476 2705 Iam
490 2663 582 2705 mons
596 2641 762 2722 tremiscit,
778 2643 844 2706 iam
857 2643 987 2728 sonipes
1000 2642 1069 2706 ruit

405 2743 446 2806 In
460 2742 547 2806 bella
559 2766 723 2828 praeceps,
739 2753 773 2808 et
787 2743 858 2808 face
872 2743 987 2808 clarior

471 2844 645 2909 Scindente
660 2845 846 2909 nimborum
859 2844 1020 2909 tumultus

535 2946 651 3012 Rubra
664 2947 778 3034 procul
792 2957 885 3012 tonat
897 2947 945 3012 ira
959 2969 1098 3033 pugnae.

349 3163 354 3173 ’
409 3169 475 3234 Sed
489 3169 550 3235 lux
563 3170 697 3236 micabit
710 3170 839 3235 rubrior
851 3169 886 3234 in
899 3170 973 3235 nive

409 3273 633 3338 Contaminata
646 3297 706 3360 per
718 3274 794 3359 iuga
809 3273 951 3353 collium,

472 3376 681 3462 Auctumqve
695 3386 874 3440 torrentem
888 3377 1029 3441 cruentis

537 3477 658 3544 Volvet
671 3479 761 3565 aqvis
774 3479 936 3544 violentus
949 3479 1061 3546 amnis.

409 3707 508 3772 Mane
523 3719 590 3774 est:
614 3718 648 3773 at
660 3707 728 3773 illic
742 3709 799 3773 vix
815 3708 920 3772 oriens
933 3707 1022 3772 subit

413 3811 469 3875 Sol
483 3811 573 3877 fusca
586 3811 665 3875 belli
678 3811 791 3876 nubila
802 3810 913 3888 luridi,

477 3913 549 3981 Qvo
565 3913 680 3977 Gallus
694 3912 864 3998 indignans
878 3922 912 3976 et
928 3911 1070 3977 Hunnus

543 4014 734 4102 Sulphureis
748 4015 859 4080 fremit
872 4037 945 4079 acer
958 4014 1072 4078 ermis:
