3250 4692
688 358 873 408 SABRINAE
890 358 1065 408 COROLLA.

394 640 397 644 «
489 589 561 663 She
576 590 680 663 dwelt
696 614 827 689 among
844 589 902 663 the
919 588 1114 662 ootrodden
1138 586 1250 687 Woys.

414 747 538 815 Pascua
551 752 679 816 Doveni
692 751 843 816 lambunt
856 751 914 815 ubi
929 752 1021 817 devia
1035 752 1152 830 fontes,

457 853 486 917 F
485 854 642 920 lumineas
655 856 747 940 virgo
760 866 894 943 propter
908 856 1024 940 agebat
1039 878 1144 940 aqvas.

415 954 516 1019 Nulla
530 957 659 1042 qvidem
672 967 813 1021 nostram
828 957 982 1022 laudabat
996 958 1104 1043 lingva
1118 957 1278 1043 puellam:

457 1056 688 1145 Perpauciqve‚
705 1060 820 1146 quibus
836 1060 1034 1145 diligeretur,
1052 1070 1153 1125 erant.

414 1160 492 1225 Non
505 1163 591 1227 viola
604 1164 715 1228 annosi
729 1186 840 1227 musco
854 1186 956 1250 prope
972 1164 1101 1227 condita
1115 1164 1186 1227 saxi

457 1263 572 1329 Prodit
586 1266 755 1330 amabilius
770 1265 984 1329 semireducta
998 1275 1115 1351 caput:

413 1364 485 1431 Nec
499 1376 565 1431 tam
579 1378 670 1451 grate
684 1367 767 1431 nitet
780 1390 840 1431 nec
856 1379 921 1432 tam
936 1368 1076 1433 formosa
1089 1367 1192 1432 videri

457 1467 559 1533 Stella
571 1469 772 1534 silescentem
788 1492 867 1555 qvae
883 1480 973 1534 tenet
987 1493 1052 1534 una
1066 1471 1188 1556 polum.

414 1570 469 1635 Sic
483 1572 581 1637 latuit
594 1573 702 1657 virgo:
726 1574 899 1658 paucisqve
914 1575 1058 1639 innotuit
1071 1574 1150 1638 hora

457 1675 530 1743 Qva
542 1698 615 1739 mea
628 1698 702 1739 oum
715 1677 796 1741 vivis
811 1677 906 1741 desiit
921 1700 989 1742 esse
1005 1678 1118 1743 Chloe.

414 1776 477 1842 Illa
490 1780 660 1865 sepulcrali
674 1781 735 1844 sub
750 1780 891 1866 caespite
906 1781 1048 1846 dormit:
1072 1792 1105 1844 at
1120 1780 1204 1845 eheu

458 1879 557 1945 Nunc
571 1882 696 1947 aliaest
710 1882 817 1961 tellus,
833 1905 870 1947 ac
884 1882 950 1947 fuit
965 1892 1049 1961 ante,
1065 1882 1155 1949 mihi.

786 2001 822 2060 G.
837 2002 875 2059 A.
892 2003 923 2060 G.
938 2003 979 2060 M.
994 2002 1042 2081 (en
1054 1999 1317 2080 Wouoswonrmo.)

739 2197 1005 2207 -—-———-.

773 2324 810 2395 T
803 2326 966 2399 ernrincu.

455 2487 561 2574 Regia
575 2490 628 2554 cui
641 2489 752 2575 pellex
765 2513 831 2554 non
846 2500 895 2555 est
909 2491 1020 2555 audita
1035 2490 1175 2555 Cloaea?

499 2592 628 2656 Nomen
642 2593 682 2656 ab
697 2592 839 2657 infausta
851 2593 967 2679 pellice
982 2594 1081 2658 Fossa
1096 2592 1205 2658 trehit.

455 2693 636 2759 Fumivomi
652 2718 764 2760 currus
777 2696 953 2781 gestamine
968 2696 994 2761 si
1010 2697 1094 2781 petis
1110 2695 1246 2775 Urbem,
1285 2714 1288 2721 ·

499 2797 670 2861 Terminus
684 2808 733 2863 est
746 2799 876 2885 rapidae
891 2822 956 2863 non
971 2798 1086 2884 procul
1099 2798 1174 2863 iude
1189 2800 1269 2864 viae.

458 2897 628 2965 Terminus
642 2912 691 2965 est
704 2902 800 2966 statio
814 2901 924 2966 furum
940 2902 1135 2966 notissuma:
1160 2902 1186 2965 si
1203 2924 1297 2987 qvem

499 3001 621 3067 Pressit
634 3025 715 3067 onus
728 3004 876 3082 nimium,
893 3013 985 3089 parte
1000 3003 1126 3068 levatur
1141 3027 1251 3090 opum.

457 3104 629 3169 Terminus
641 3105 697 3169 ille
710 3106 781 3170 viae
794 3106 876 3170 mihi
889 3115 938 3170 ter
952 3104 1036 3169 fuit:
1060 3105 1181 3170 adcidit
1194 3106 1280 3170 eheu

501 3206 638 3272 Adcidit
651 3218 689 3272 ut
703 3208 798 3273 nobis
813 3208 984 3273 terminus
999 3217 1082 3272 esset
1096 3230 1205 3293 opum.

1233 3312 1269 3371 R.
1284 3313 1315 3373 S.

747 3406 995 3417 *ιι-

803 3531 935 3634 Lydio.

455 3700 554 3766 Emta
566 3700 628 3765 tibi
641 3710 717 3765 sunt
731 3700 806 3780 mel,
824 3702 947 3779 dentes,
963 3722 1100 3779 cerussa,
1117 3700 1243 3785 capilli:

520 3804 595 3869 Hoc
608 3814 736 3890 poterat
748 3804 865 3891 pretio,
881 3804 997 3890 Lydia,
1012 3804 1122 3869 vultus
1138 3804 1211 3869 emi.

935 3925 970 3983 n.
986 3924 1015 3983 s.
1030 3924 1070 3983 n.
1085 3923 1133 4002 (a
1145 3922 1232 3985 Aaou.
1251 3920 1320 4005 er.)
