3250 4692
570 438 752 487 SABRlNAE
772 439 949 489 COROLLA.
1216 442 1263 489 145

681 918 836 994 Aenona.

343 1125 484 1213 Phrygia
497 1128 589 1193 locus
602 1130 663 1194 sub
681 1130 739 1195 Ida
752 1132 838 1195 iacet
852 1131 992 1210 abditus,
1008 1130 1079 1195 aliis

343 1230 432 1296 Qvot
446 1231 479 1294 in
496 1231 613 1296 Ionum
628 1233 713 1316 iugis
727 1243 803 1297 sunt
818 1234 1000 1318 speciosior,
1017 1233 1076 1297 ubi
1091 1256 1190 1318 aqvae

341 1332 453 1418 Vapor
466 1334 531 1397 ima
546 1346 652 1399 tranat
667 1359 761 1421 aegro
776 1336 902 1422 placide
916 1359 1048 1400 nemora
1062 1336 1135 1399 sinu

342 1434 505 1522 Pinusqve
520 1448 627 1523 reptat
640 1438 725 1502 inter
739 1439 947 1524 graditurque
962 1438 1045 1522 pede
1059 1438 1161 1523 pigro,

342 1536 429 1602 Hinc
444 1538 520 1602 iude
533 1552 627 1625 prata
639 1541 783 1626 pendent
797 1541 968 1605 viridantia
982 1540 1097 1605 mediis

343 1641 502 1726 Scapulis,
519 1642 673 1729 feraxqve
689 1644 805 1708 florum
821 1644 905 1708 nitet
918 1644 1058 1727 irriguus
1072 1666 1158 1727 ager,

341 1743 547 1831 Resonatqve
562 1747 649 1810 rivus
663 1748 748 1811 infra
761 1770 821 1833 per
836 1748 931 1811 adesa
944 1747 1016 1811 loca
1029 1747 1098 1831 iugi

344 1846 534 1934 Laticesqve
550 1850 733 1913 decidentes
747 1850 811 1913 ciet
826 1848 867 1912 ad
881 1849 965 1912 freta
979 1848 1095 1933 pelagi.

343 1948 430 2013 Hinc
445 1974 570 2015 summa
586 1952 722 2035 Gargari
737 1964 824 2017 stant
838 1952 1031 2037 capiuntqve
1042 1972 1165 2014 roseam
1178 1951 1249 2014 Eo:

343 2048 522 2115 Nemorum
538 2052 690 2117 videntur
704 2052 792 2117 illinc
807 2075 866 2137 per
880 2064 991 2137 aperta
1005 2051 1167 2116 columina

344 2151 474 2217 Turrita
489 2150 730 2239 Pergambrum‚
748 2156 929 2219 diademata
944 2154 1116 2239 Pbrygiae.

343 2253 419 2319 Huc
434 2272 555 2321 maesta
569 2260 657 2322 venit
674 2260 821 2337 Aenona,
840 2258 1030 2343 Hyperione
1047 2256 1168 2320 medios

341 2356 497 2441 Agitaute
512 2384 619 2446 eqvos‚
637 2362 737 2426 sodali
752 2384 927 2447 properans
941 2362 1009 2425 sine
1025 2360 1152 2437 Paride,

342 2458 406 2522 Per
420 2462 526 2546 aprica
541 2486 634 2548 qvem
650 2464 800 2549 iugorum
816 2464 966 2528 comitem
982 2463 1077 2526 modo
1092 2461 1260 2526 habuerat.

299 2598 303 2605 ·
343 2561 469 2626 Aberat
482 2586 564 2648 gena
578 2588 721 2630 rosarum
738 2566 852 2629 solitus
868 2564 966 2643 color,
982 2565 1116 2628 humero

344 2663 510 2729 Fluitabat
523 2666 558 2729 in
573 2667 689 2731 decoro
704 2668 872 2731 fluitareve
887 2666 1011 2750 placide

342 2765 422 2830 Visa
435 2778 483 2829 est
498 2790 588 2831 coma
602 2768 817 2853 adquiescens.
865 2768 956 2832 Silici
969 2766 1026 2830 illa
1040 2766 1197 2831 miscriter

344 2868 464 2932 Iunixa
478 2869 544 2933 vite
559 2870 665 2934 cincto
682 2870 799 2935 cecinit
813 2870 996 2934 tacentibus

343 2970 452 3035 Siluae
467 2972 560 3056 iugis,
577 2996 715 3057 superno
730 2973 822 3057 nigra
836 2973 936 3036 donec
951 2973 991 3037 ab
1006 2973 1097 3059 apice

344 3073 537 3158 Properaret
552 3076 665 3139 umbra
678 3098 792 3160 rupem
808 3074 950 3159 tetigisse
964 3075 1022 3139 ubi
1036 3085 1173 3141 caueret.

387 3278 495 3344 Patria
510 3279 541 3344 0
555 3302 628 3344 mea
642 3278 781 3344 creatrix
795 3278 948 3344 scatebris
962 3280 1054 3361 rigua
1069 3277 1166 3361 vagis,

344 3382 498 3446 Genitrix
513 3405 584 3446 mea
600 3381 659 3446 Ida
673 3404 783 3446 vocem
798 3380 963 3444 morientis
979 3380 1101 3465 adripe.

345 3484 426 3568 luga
437 3506 523 3549 nunc
538 3484 683 3549 meridiei
700 3495 789 3548 tenet
804 3484 911 3548 omnia
925 3483 1060 3567 reqvies‚

345 3585 427 3649 Silet
442 3587 569 3652 achetae
582 3587 748 3665 inberbis,
766 3587 913 3650 umbram
927 3586 962 3649 in
977 3584 1083 3669 lapide
1098 3582 1177 3645 facit

345 3687 465 3752 Similis
478 3689 618 3753 lacertus
632 3690 765 3752 umbrae
781 3687 948 3772 calidoqve
962 3687 1075 3750 iubare
1090 3700 1173 3749 ovat.

345 3790 477 3853 Fruitur
491 3791 599 3855 cicada
613 3814 734 3868 somno,
749 3789 929 3853 redolentia
942 3788 1048 3873 capita

344 3892 480 3957 Flexere
496 3904 579 3957 serta
594 3894 720 3972 florum,
737 3891 914 3977 mediisque
928 3890 1005 3954 liliis

752 4016 774 4059 u
