3250 4692
561 439 744 491 SABRINAE
764 439 939 489 COROLLA.
1211 440 1256 487 143

649 844 837 920 Eucharir.

289 1028 473 1092 Matutinus
488 1050 548 1111 ego
564 1027 668 1114 prima
682 1028 734 1091 vel
747 1027 822 1091 luce
836 1028 989 1092 iubebam

332 1130 442 1194 Pierin
457 1130 587 1194 insolito
603 1130 747 1195 concitus
762 1131 837 1215 igne
853 1153 957 1194 meam

288 1224 426 1316 Fingere
441 1233 494 1296 cui
508 1232 667 1309 servirem,
684 1243 717 1296 et
733 1255 827 1318 qvam
842 1256 894 1296 me
909 1245 981 1296 vate
995 1233 1098 1297 fidelis

334 1334 451 1399 cultus
467 1345 501 1399 et
514 1348 665 1399 aeternus
679 1348 925 1420 proseqveretur
938 1337 1050 1400 honos.

290 1437 489 1517 Luciferum,
506 1438 587 1516 dixi,
604 1460 645 1501 ne
660 1460 790 1523 surgere
805 1438 949 1523 pulcrius
963 1450 1084 1503 astrum

335 1542 490 1605 Blandius
505 1552 562 1605 aut
576 1542 677 1625 possit
693 1564 842 1625 spargere
857 1542 932 1606 sede
946 1542 1058 1606 iubar:

292 1643 390 1708 Adsit
403 1644 437 1707 in
452 1644 511 1707 hae
526 1644 628 1707 virtus
644 1643 841 1707 mollissume
857 1666 998 1729 qvaeqve
1011 1644 1130 1730 puella,

335 1747 422 1813 Qvas
435 1746 544 1811 foveat
558 1756 668 1811 sancto
684 1746 812 1810 mollior
826 1747 896 1832 ipsa
909 1748 993 1812 sinu.

293 1850 341 1914 At
354 1850 481 1928 fortem,
499 1850 579 1928 dixi,
597 1850 787 1934 doctamqve
801 1850 877 1913 huie
892 1851 995 1914 insere
1010 1860 1162 1925 mentem,

336 1952 427 2019 Qvae
442 1952 503 2016 sibi
519 1952 681 2017 confidens
696 1952 766 2037 ipsa
780 1953 892 2038 suiqve
907 1963 1022 2037 potens

292 2054 543 2138 Forcipibusqve
558 2054 624 2117 suis
638 2076 765 2138 semper
778 2055 922 2137 fusisqve
937 2056 1074 2132 fruatur,

336 2155 509 2242 Temperet
523 2168 557 2220 et
570 2157 629 2221 fau·
644 2157 746 2221 libera
759 2157 815 2221 file
829 2158 889 2222 sui.

293 2258 405 2322 Talem
420 2282 479 2343 ego
493 2283 588 2345 qvem
603 2283 753 2345 cuperem
768 2283 826 2325 nec
841 2284 934 2345 posse
948 2260 1056 2325 videre
1071 2270 1228 2346 putarem,

337 2362 435 2427 Musa
449 2364 546 2430 mihi:
572 2364 677 2428 Ponas
693 2364 874 2430 Eucharin:
899 2365 968 2450 ipsa
983 2364 1058 2428 fuit.

1064 2496 1100 2553 G.
1115 2496 1143 2553 J.
1158 2496 1195 2551 K.

617 3106 738 3179 Exsul
751 3106 893 3179 Redum.

339 3278 434 3343 Tune
449 3280 526 3345 litus
542 3304 585 3359 es,
602 3281 691 3345 beati
706 3281 808 3345 dulcis
824 3282 894 3345 aevi
908 3284 1083 3345 memoria?

343 3380 405 3445 His
420 3382 454 3445 in
469 3383 574 3447 aureis
590 3384 694 3447 arenis
708 3383 862 3468 parvulus
876 3384 939 3447 lusi
952 3386 1058 3470 puer?

344 3484 391 3548 Te
406 3509 465 3571 per
479 3485 648 3551 interiecta
663 3487 759 3552 toties
773 3510 863 3552 mens
876 3488 1030 3551 reviserat
1043 3487 1136 3564 freta,

341 3586 395 3651 Ne
411 3588 467 3652 diu
483 3589 612 3673 qvidem
625 3590 730 3654 relicti
744 3613 810 3654 non
824 3614 946 3655 memor
960 3601 1068 3654 manet
1083 3590 1142 3653 tui.

341 3688 435 3753 Tune
450 3689 550 3755 litus?
574 3702 652 3755 tune
667 3692 765 3757 litus?
808 3692 839 3757 O
854 3693 1019 3778 voluptas!
1044 3691 1075 3756 0
1091 3692 1197 3777 qvies!

342 3789 389 3855 Te
404 3792 505 3874 fruor,
522 3795 637 3859 natalis
652 3818 725 3874 ora3
751 3806 783 3859 te
798 3796 913 3875 saluto,
929 3796 1043 3881 patria.

1161 3898 1199 3953 K.
