3250 4692
588 431 771 484 SABRINAE
789 432 964 483 COROLLA.

635 645 749 719 Miles
767 670 899 718 amans.

273 813 367 882 Qvod
380 815 447 879 fera
462 824 530 879 tam
546 813 640 877 castis
652 824 777 876 mutare
791 813 982 878 recessubus
995 836 1083 878 arma

315 916 476 1002 Cogimur,
494 938 574 1002 eqve
590 925 648 978 tuo
662 913 791 998 longius
805 915 852 978 ire
866 915 949 994 sinu,

272 1016 380 1097 Parce,
395 1041 519 1104 precor,
535 1017 640 1082 verbis
654 1016 791 1080 nimium
806 1017 973 1101 indulgere
987 1017 1121 1083 severis:

313 1120 346 1183 N
349 1143 390 1184 on
405 1121 484 1186 adeo
499 1131 576 1186 tuus
591 1131 649 1199 est,
665 1120 726 1183 lux
740 1143 823 1199 mea,
840 1120 939 1184 durus
953 1143 1071 1186 amans,

269 1282 352 1361 Etsi,
368 1284 435 1348 acie
448 1286 589 1369 primum
605 1305 837 1369 qvemcumqve
852 1283 1044 1348 offendimus
1058 1282 1193 1359 hostem,

312 1385 374 1449 Est
387 1408 488 1450 novus
503 1409 522 1450 a
535 1386 629 1450 nobis
642 1385 704 1449 iste
718 1385 878 1470 petendus
892 1407 992 1464 amor,

270 1486 306 1550 Si
320 1487 424 1572 clipeo
437 1488 557 1573 potius,
573 1488 600 1552 si
615 1487 704 1552 basia
716 1487 881 1571 iungimus
896 1487 975 1564 ensi,

312 1589 512 1676 Ardentiqve
526 1590 627 1674 magis
642 1589 736 1654 corde
749 1589 894 1675 perimus
908 1611 1045 1674 eqvum3

268 1749 423 1814 Attamen
438 1761 472 1815 et
487 1752 547 1815 tibi
561 1774 594 1815 se
610 1774 681 1815 mea
695 1751 761 1815 vita
775 1751 961 1835 probaverit
973 1751 1054 1836 ipsi;

311 1852 380 1917 Nec
395 1853 476 1917 nihii
490 1853 568 1918 haec
582 1853 695 1918 levitas
710 1876 773 1939 qvo
788 1853 922 1939 capiaris
935 1853 1051 1932 habet;

268 1953 302 2017 N
303 1977 352 2018 am
367 1965 415 2034 tu,
431 1955 525 2020 crede
539 1955 631 2034 mihi,
646 1978 711 2019 non
726 1967 792 2020 tam
807 1955 925 2021 dilecte
938 1957 1062 2036 fuisses,

311 2057 355 2122 Ni
369 2058 431 2123 tibi
446 2059 622 2123 decressem
635 2059 856 2144 praeposuisse
871 2059 978 2124 decus.

1081 2159 1116 2216 G.
1130 2161 1158 2218 «J.
1173 2161 1211 2218 K.

708 2265 828 2276 -η-

663 2383 868 2483 Anagcllis.

311 2551 408 2618 Istam
421 2564 501 2618 tune
515 2553 605 2618 vides
617 2552 821 2638 anagallida?
853 2553 888 2617 N
888 2576 931 2618 on
944 2553 991 2618 ita
1003 2553 1130 2640 pridem

350 2656 431 2721 Visa
443 2656 509 2720 fuit
522 2656 666 2720 medium
680 2655 755 2720 solis
769 2678 875 2719 amare
889 2657 984 2720 iubar

309 2758 478 2845 Purpureo
491 2759 599 2822 ridens
613 2757 718 2823 fastu:
742 2781 829 2822 nunc
843 2758 967 2823 lumina
981 2758 1103 2823 claudit

351 2861 480 2940 Tristia,
495 2883 555 2925 nec
570 2860 697 2924 dulcem
712 2871 847 2944 spectat,
863 2871 1002 2940 utente,
1018 2861 1114 2926 diem.

309 2963 468 3028 Adstabat
482 2963 704 3048 monitumque
719 2963 797 3048 vigil
810 2963 981 3048 perspexit
995 2964 1172 3049 Amyntam

352 3066 511 3131 Protenus
528 3077 667 3149 agrestes
682 3076 836 3129 convocat
849 3067 918 3151 ipse
933 3088 1058 3130 manus.

308 3169 440 3246 Audin',
456 3167 584 3231 iamiam
599 3168 721 3231 abeunt
735 3190 811 3252 agro
826 3167 996 3232 stridentia
1010 3167 1171 3254 plaustra:

350 3271 414 3349 En,
430 3271 485 3348 ait,
503 3269 625 3334 Auster
639 3269 747 3348 adest3
771 3291 810 3333 en
826 3269 907 3334 furit
919 3270 998 3334 hora
1011 3270 1163 3335 minis.-

308 3372 398 3437 Num
413 3372 507 3437 flores
521 3373 616 3450 inter,
634 3395 712 3457 qvos
726 3373 829 3457 pascit
843 3373 1025 3452 demerita,

351 3475 440 3541 Huic
454 3476 564 3540 nullus
577 3476 674 3540 simili
689 3477 873 3542 conditione
888 3477 998 3561 viget?

307 3577 397 3642 Dum
411 3579 534 3664 loqvor,
549 3579 651 3642 aversi
666 3577 795 3643 vultum
809 3602 875 3642 non
892 3579 995 3643 cernis
1009 3578 1126 3642 amicit

349 3681 437 3746 Luce
453 3691 562 3746 carent
576 3682 672 3762 oculi,
686 3683 815 3747 risubus
830 3705 885 3747 ora
899 3693 1017 3747 carent.

308 3785 382 3849 Sors
396 3785 528 3850 adversa
541 3786 648 3850 venit:
674 3795 711 3848 tu
726 3787 852 3850 cessas?
888 3784 1008 3869 linge,
1026 3795 1144 3864 tecum,

349 3887 436 3956 Qvid
450 3887 534 3952 ferat
547 3886 706 3966 infaustis,
723 3887 864 3967 consule,
879 3887 976 3951 rebus
990 3909 1094 3972 opem.

1169 3985 1207 4042 K.

757 4102 776 4145 Ε
