3250 4692
560 460 742 510 snanmnn
760 459 938 509 cononm.
995 424 1002 437 ’
1204 454 1251 505 aar

291 628 415 694 Traiice
430 631 494 695 iam
510 632 666 697 fluvium:
691 642 782 717 patet
797 654 837 694 en
853 630 914 695 tibi
929 630 994 693 lata
1006 651 1065 714 per
1079 650 1152 693 arva

335 733 487 796 Aetheria
500 734 534 797 in
550 734 656 797 medio
672 734 787 798 clarior
803 757 858 797 ora
871 732 967 818 polo:

290 834 423 911 Audin',
440 834 578 898 laetifica
593 836 763 899 dulcedine
778 846 958 899 murmurat
972 856 1035 911 aer,

332 936 422 1000 Dum
437 938 492 1021 pia
506 937 659 1001 victorem
675 938 814 1001 carmine
831 938 926 999 turba
939 946 1040 1000 sonat.

272 1030 276 1039 ’
291 1038 343 1102 Tu
358 1061 481 1124 qvoqve
497 1039 649 1124 depositis
664 1039 777 1124 clipeo,
794 1038 940 1115 bellator,
957 1048 991 1101 et
1004 1060 1078 1101 ense

333 1140 453 1204 Laetus
469 1140 507 1203 Io
522 1163 636 1225 magna
651 1163 729 1203 voce
745 1140 924 1225 Triumphe
939 1162 1035 1203 cane:

290 1241 394 1305 Necte
407 1264 530 1306 comae:
555 1242 663 1305 hostes
676 1242 783 1325 rapuit
796 1242 892 1326 fuga:
918 1252 1045 1305 mortua
1058 1242 1148 1305 Mors
1163 1252 1228 1305 est:

334 1343 375 1406 In
389 1342 526 1407 nihilum
542 1344 648 1423 tellus,
664 1343 750 1407 unde
766 1354 881 1421 creata,
899 1343 993 1407 redit.

1106 1448 1141 1503 R.
1157 1446 1190 1502 B.

669 2043 825 2117 Caelum.

419 2219 499 2283 Vita
513 2218 619 2303 fugaci
636 2241 773 2304 pompae
788 2218 901 2281 similis

419 2322 520 2385 Vanis
534 2322 698 2386 hominem
713 2322 801 2406 capit
815 2322 1002 2399 inlecebris3

418 2423 517 2487 Risus
531 2424 658 2502 hilares,
675 2424 782 2488 miseri
798 2424 904 2501 fletus,

417 2525 503 2590 Falai
517 2527 644 2590 radiant
657 2526 792 2611 falaiqve
807 2527 932 2591 fluunt:

460 2628 562 2692 Solidi
577 2628 659 2692 nihil
675 2640 723 2691 eat
738 2629 799 2691 niai
816 2629 949 2692 caelum.

415 2848 573 2934 Splendet
587 2848 675 2911 inani
692 2848 806 2912 Gloria
821 2848 926 2926 crista,

415 2952 485 3016 Ceu
499 2952 591 3015 fluxa
603 2951 701 3014 rubet
716 2973 846 3035 vespere
861 2951 982 3027 nubes3

416 3055 463 3117 Et
476 3055 557 3140 Spes
572 3064 605 3117 et
620 3054 724 3117 Amor
738 3054 935 3138 Formaeqve
949 3054 1045 3129 nitor,

415 3156 503 3223 Qvid
517 3156 616 3219 sunt?
660 3153 802 3218 Tumulo
818 3154 893 3218 data
904 3166 988 3217 serta
1001 3176 1101 3217 novo:

458 3258 564 3322 Nitidi
577 3257 659 3320 nihil
673 3267 723 3321 eat
733 3256 795 3321 niai
810 3256 944 3321 caelum.

414 3478 484 3543 Nos
498 3479 656 3543 obeuntes
671 3476 814 3541 deforme
830 3476 948 3541 fretum

411 3581 515 3666 Rapit
528 3582 590 3645 huc
605 3581 684 3644 illuc
699 3593 807 3643 tumor
822 3580 998 3655 undarum3

413 3683 483 3746 Vix
497 3682 658 3746 inradiant
672 3684 734 3745 iter
747 3682 907 3745 incertum

413 3786 481 3848 Fax
500 3785 676 3861 Aonidum,
691 3783 752 3847 lux
767 3783 935 3848 Rationis:

457 3885 579 3950 Placidi
595 3886 675 3949 nihil
690 3898 740 3949 eat
753 3887 815 3949 nisi
830 3886 963 3949 caelum.
