3250 4692
562 407 744 458 snnnlnnn
764 405 939 458 conoLLA.

577 777 652 848 Pro
670 777 799 848 Patrio
819 778 918 850 mori.

296 958 438 1023 Candide
452 957 533 1022 lucis
547 957 660 1036 honor,
677 968 776 1044 tuqve
792 957 822 1020 O
837 957 1038 1022 viridissuma
1052 959 1158 1038 tellus,

339 1060 496 1146 Qvodqve
510 1061 593 1124 nites
609 1060 732 1124 caelum
747 1061 813 1124 sole
829 1061 972 1137 cadente,
988 1060 1077 1126 vale:

295 1163 435 1247 Vosqve‚
452 1185 541 1226 amor
556 1175 589 1226 et
603 1162 715 1248 pietas,
732 1163 859 1226 socialia
873 1163 986 1240 vincla,
1004 1164 1117 1242 valete,

339 1266 412 1330 Stat
426 1287 526 1350 prope
542 1265 605 1329 iam
619 1288 727 1330 rerum
742 1277 845 1343 meta3
868 1277 997 1350 peracta
1011 1248 1063 1329 vi'a
1077 1279 1135 1331 est.

295 1471 355 1536 Vis
368 1470 528 1535 horrenda
542 1471 627 1548 mali,
643 1471 728 1535 vitae
743 1481 919 1535 teterruma
933 1470 1032 1548 labes,

341 1573 508 1637 Terribilis
522 1596 612 1638 servo
627 1574 669 1638 sis
684 1575 859 1658 timidoqve
875 1574 971 1638 licet:

296 1675 359 1740 Fac
374 1697 432 1760 per
446 1698 504 1738 nos
520 1687 636 1739 tremat
650 1677 711 1740 ists
725 1675 856 1740 cohorst
880 1677 936 1739 sed
950 1675 1049 1738 fortia
1062 1696 1188 1760 semper

341 1778 446 1842 Corda
459 1779 560 1842 minas
574 1779 690 1857 rident,
707 1778 798 1842 Mors
812 1778 944 1857 furiosa,
961 1787 1042 1842 tues.

296 1986 348 2049 Tu
363 1987 447 2071 petis
461 1985 631 2070 agricolam
647 2007 802 2050 crassum:
827 1985 920 2070 petis,
936 1985 1033 2068 inqve
1049 1982 1197 2048 tenebras

340 2089 479 2154 Nomine
495 2113 567 2153 cum
584 2100 652 2153 toto
667 2089 842 2173 naufragus
855 2087 910 2151 ille
926 2086 1020 2151 cadit.

296 2191 409 2276 Tuqve
424 2192 522 2256 heroa
535 2191 619 2276 petis
632 2191 799 2254 iuvenem:
823 2189 918 2275 petis,
935 2183 1031 2273 inqve
1045 2187 1229 2273 triumphis,

340 2292 429 2357 Luce
441 2293 552 2358 fruens
566 2293 679 2371 famae,
696 2293 864 2378 splendida
875 2293 1004 2378 praeda,
1020 2292 1114 2358 iacet.

301 2496 373 2563 Qvo
387 2507 492 2574 vocat,
508 2496 602 2574 imus,
620 2495 745 2574 Honor,
762 2496 874 2559 stricto
890 2495 1060 2559 decernere
1074 2495 1161 2559 ferro

345 2597 409 2661 Pro
424 2598 528 2682 patria
542 2609 575 2660 et
590 2620 662 2661 cero
676 2619 750 2681 rege
765 2607 877 2682 parata
890 2618 1022 2660 manus:

299 2700 389 2764 Dum
403 2701 488 2764 vitae
504 2713 685 2764 extremum
699 2699 834 2763 victoria
847 2699 1126 2783 temporinam,

344 2801 428 2866 Cum
442 2800 555 2864 validis
570 2801 622 2864 cui
638 2822 702 2864 non
717 2800 811 2864 dulce
828 2801 950 2885 qviesse
964 2800 1063 2864 viris?

1062 2903 1097 2961 G.
1111 2904 1144 2960 B.
1159 2904 1201 2962 M.

617 3358 680 3433 Ad
706 3359 893 3433 Victorem.

346 3547 422 3611 Huc
437 3547 522 3626 ades,
539 3559 573 3610 et
586 3546 668 3611 lauri
681 3547 792 3632 patula
805 3547 971 3632 requiesce
986 3547 1047 3611 sub
1062 3547 1186 3626 umbra,

388 3649 539 3733 Qvaeqve
553 3659 653 3712 ruunt
666 3649 756 3713 illinc
770 3649 905 3712 flumina
918 3670 1000 3734 pura
1013 3649 1109 3727 bibe;

346 3753 399 3817 Sic
415 3775 539 3838 qvoqve
553 3752 720 3837 percipias,
737 3753 840 3816 arenti
854 3751 997 3816 fervidus
1011 3762 1113 3829 aestu,

387 3855 551 3940 Qvidqvid
566 3856 607 3919 ab
624 3855 783 3938 Hesperio
798 3856 856 3920 flat
869 3855 994 3939 geniale
1008 3853 1095 3939 polo.
