3250 4692
578 440 762 494 SABRINAE
780 442 958 491 COROLLA.

651 866 880 942 Exhortatio.

309 1067 345 1130 Si
359 1066 454 1131 feriat
465 1090 615 1133 muerove
629 1091 739 1132 meum
752 1068 804 1133 vel
818 1068 929 1134 lancea
941 1077 1065 1155 pectus,

353 1168 388 1233 Si
404 1192 517 1235 manus
532 1171 620 1251 haec,
637 1194 720 1257 quae
734 1193 791 1235 vos
806 1172 949 1251 duxerit,
964 1172 1033 1257 ipsu
1048 1172 1150 1250 eadat,

308 1271 412 1351 Ilicet,
428 1272 459 1337 O
473 1296 631 1359 proceres,
647 1296 755 1359 regem
769 1274 889 1339 calcate
900 1274 1072 1360 jacentem,

352 1374 458 1460 Inque
473 1360 650 1441 Pirilistaeo
664 1376 792 1441 condite
806 1377 873 1441 tela
884 1377 967 1442 sinu.

308 1613 346 1678 Si
359 1624 467 1679 tamen
480 1616 653 1681 instantem
666 1616 759 1681 miles
772 1616 980 1703 trepidaverit
992 1616 1129 1694 hostem,

352 1718 388 1783 Si
403 1719 529 1785 dederit
542 1721 631 1805 turpi
643 1720 768 1807 perfide
781 1731 872 1806 terge
884 1720 992 1806 fugae,

308 1820 468 1906 Armiger,
485 1822 615 1887 inmissa
628 1834 666 1887 tu
680 1845 733 1887 me
747 1832 913 1908 prosterne
927 1823 988 1886 sub
1000 1822 1110 1902 hasten

351 1923 448 1991 Qvod
461 1924 564 1990 letum
579 1926 671 1991 miles
685 1925 820 2011 fugerit,
835 1925 906 2011 ipse
919 1923 1031 1989 feram.

309 2162 443 2251 Iamque
457 2165 574 2230 abeant
587 2165 725 2253 reliqui;
749 2176 786 2231 tu
800 2188 939 2245 meeum,
952 2175 1039 2245 nate,
1054 2175 1195 2243 maneto,

352 2269 404 2334 Tu
418 2269 572 2355 regniqve
586 2270 678 2335 heres
692 2281 726 2335 et
738 2270 819 2335 mihi
833 2270 920 2335 solus
933 2293 1032 2336 amor.

309 2371 400 2437 Haec
413 2372 534 2457 grande
548 2373 720 2457 imperium
735 2372 829 2437 nobis
841 2371 1019 2457 cleramqve
1034 2392 1183 2436 coronam

351 2473 428 2538 Lux
442 2473 533 2539 debit
546 2483 614 2554 eut,
632 2496 711 2560 qvae
725 2475 768 2539 sit
780 2474 913 2560 regibus
926 2484 1013 2559 apte,
1028 2495 1150 2537 necem.

1061 2624 1097 2683 G.
1112 2624 1151 2681 H.
1165 2623 1206 2680 M.

685 3188 835 3263 Bruma.

327 3407 457 3473 Viduus
472 3428 515 3471 ex
529 3416 638 3471 arente
652 3429 741 3471 ramo
755 3429 937 3493 comparem
951 3415 1060 3471 turtur
1073 3404 1192 3491 gemit:

327 3509 478 3593 Desuper
490 3507 639 3593 gelantur
653 3532 767 3575 aurae:
787 3519 895 3595 torpet
909 3509 994 3573 infra
1006 3508 1130 3573 rivulus
1144 3532 1152 3572 ε

324 3610 421 3676 Flore
437 3610 528 3674 nullo
543 3620 637 3689 terra,
654 3611 744 3676 nulla
757 3610 872 3675 fronde
886 3612 1022 3675 vestitur
1035 3631 1170 3674 nemus:

325 3713 389 3778 Per
403 3712 567 3777 silentium
581 3712 709 3778 molaris
723 3713 790 3780 sola
804 3724 983 3778 murmurat
996 3724 1076 3779 rote.

1164 3814 1203 3871 K.
