3250 4692
578 406 975 491 s.snn1nnncoaonnn.'
1226 446 1269 494 101

696 695 840 770 Farina.

268 868 399 933 Stabam
414 890 474 953 ego
489 868 534 931 sic
550 889 641 931 curas
655 865 824 945 meditans,
841 876 875 930 et
889 876 977 930 totus
990 865 1026 930 in
1039 867 1114 947 illis,

267 971 373 1039 Quom
388 971 515 1057 quidam
530 968 666 1034 incurrit
680 977 777 1055 notus
792 968 872 1032 mihi
887 969 1017 1032 nomine
1033 980 1169 1051 tantum,

269 1073 345 1137 Non
360 1074 444 1159 qvod
458 1096 522 1136 non
538 1071 617 1135 velit
631 1070 686 1134 ille
701 1070 781 1134 meis
795 1094 829 1135 se
844 1071 1022 1135 adscribere
1036 1073 1156 1152 amicis,

268 1176 339 1240 Nec
354 1177 429 1240 satis
444 1187 482 1240 ut
496 1176 638 1261 loquitur
652 1174 802 1259 simplex,
818 1197 922 1259 neqve
936 1174 1041 1239 factus
1055 1176 1095 1239 ad
1110 1199 1270 1262 unguem:

268 1278 314 1343 Et
328 1278 414 1343 dixit
427 1280 545 1358 ridens,
561 1289 600 1342 ut
613 1300 665 1341 me
680 1286 866 1363 spectatque
880 1277 1026 1359 ferinam,

269 1380 362 1445 Heus
374 1380 468 1461 bone,
480 1380 636 1467 numqvid
645 1379 767 1445 habes?
782 1402 875 1464 cuge,
887 1380 966 1444 haec
978 1380 1167 1446 lautissuma
1175 1406 1273 1448 coena

399 1495 466 1549 est:

268 1587 365 1651 Anne
380 1598 474 1651 tuum
487 1586 549 1651 hoc
564 1609 604 1650 an
619 1608 705 1651 nnnc
721 1585 851 1650 domino
867 1587 1004 1651 debetur
1018 1587 1150 1672 opimo?

270 1690 382 1758 Quid?
403 1689 546 1774 rogitas?
568 1688 681 1767 clamo,
699 1698 733 1752 et
747 1688 826 1752 Fert
840 1688 933 1752 nobis
947 1710 1032 1752 unns
1046 1698 1080 1753 et
1092 1689 1174 1753 alter

269 1792 361 1857 Talia
375 1793 459 1856 dona
473 1792 551 1871 dies,
569 1790 698 1856 Parthis
712 1791 897 1855 mendacior
910 1792 1013 1857 addo:

270 1894 475 1979 Principibus
489 1894 646 1980 placuisse
659 1893 735 1957 viris
749 1892 830 1955 mihi
845 1893 998 1978 contigit3
1023 1904 1071 1957 est
1086 1895 1139 1979 qvi

270 1997 340 2062 Nos
355 2007 440 2062 amat
455 2007 488 2061 et
503 2045 511 2061 .
530 2045 538 2063 .
557 2044 566 2062 .
583 2043 592 2061 .
608 1997 664 2061 scd
678 2018 750 2061 sum
765 1996 944 2062 iactantior.
990 1996 1097 2061 Inruit
1110 1997 1185 2063 ille:

269 2101 467 2166 Fortunatus
481 2123 551 2185 ego,
568 2100 624 2164 has
639 2100 692 2164 cui
706 2100 770 2163 iam
786 2100 951 2164 devertere
965 2101 1006 2164 ad
1020 2101 1114 2165 aedes

272 2204 471 2287 Contigerit:
496 2216 533 2267 tu
549 2226 616 2267 cras
630 2225 757 2267 mecum
772 2203 972 2267 coenaveris:
996 2203 1075 2267 hora

270 2306 366 2370 Nona
380 2306 459 2370 erit:
484 2305 592 2370 edixi:
617 2328 658 2369 ne
672 2327 782 2389 pugna
795 2305 907 2383 fortis3
932 2305 1067 2370 habebis

270 2409 446 2493 Virgilium
460 2408 678 2493 Variumqve:
703 2408 827 2471 utinam
841 2408 922 2472 mihi
936 2408 1044 2473 notior
1058 2421 1140 2474 esset

271 2510 460 2577 Maecenas:
484 2512 540 2576 scd
555 2511 617 2574 erit
631 2511 690 2574 fios
705 2534 741 2574 ac
756 2510 1057 2576 facundia·Romae.

272 2614 360 2682 Qvin
373 2614 511 2677 venitin
525 2624 667 2677 mentem
683 2612 798 2697 (pa-ene
813 2614 947 2697 excidit)
964 2614 1016 2679 bic
1032 2615 1110 2680 mihi
1126 2640 1246 2697 cervus,

273 2716 338 2781 Hic
354 2727 423 2781 erat
435 2716 471 2779 in
484 2716 577 2795 votis,
595 2738 712 2779 coenae
728 2726 826 2800 caput
840 2726 879 2780 ut
892 2716 977 2780 foret
991 2717 1049 2783 illi.

273 2820 360 2888 Qvid
373 2819 444 2883 fieri
459 2821 591 2882 censes?
613 2820 820 2883 crustumne?
864 2818 1027 2883 Catullula
1040 2832 1149 2886 nostra

276 2922 367 2987 Haec
382 2921 491 3007 coqvit
505 2932 544 2985 ut
557 2943 652 2985 nemo
666 2920 802 2985 melius:
827 2921 1024 2986 decrevimus
1039 2945 1133 3008 ergo:

275 3023 376 3088 Ocius
389 3023 470 3087 hanc
484 3023 577 3109 pueri
595 3023 645 3105 (tu
661 3032 699 3085 ut
712 3023 754 3086 sis
769 3022 969 3107 tranqvillior
983 3046 1050 3103 oro,

276 3126 451 3211 Nunquam
465 3126 562 3190 hodie
578 3126 724 3212 effugies)
740 3126 861 3190 medias
875 3126 999 3191 auferte
1016 3129 1156 3195 Carinas.

277 3229 390 3315 Tuqve
404 3230 474 3294 vale
489 3253 560 3295 mea
575 3252 669 3307 cura3
693 3229 762 3293 vale
779 3229 973 3294 dulcissumc
987 3253 1106 3299 rerum.

275 3332 374 3397 Dixit
388 3344 421 3397 et
436 3334 552 3398 evasit:
576 3334 670 3419 pueri
685 3342 779 3418 atqve
793 3333 898 3397 ferina
912 3347 1099 3419 sequuntur.

1125 3438 1157 3496 C.
1172 3441 1221 3499 W.

630 3656 692 3732 Ad
708 3656 936 3757 Harpogam.

410 3805 521 3871 Croesi
535 3806 663 3871 divitias
678 3808 732 3893 qvi
746 3808 854 3893 iungis
868 3810 1011 3874 moribus
1026 3810 1083 3888 Iri,

473 3908 574 3973 Dives
586 3932 619 3972 cs
633 3910 754 3987 heredi,
771 3933 895 3996 pauper
909 3934 943 3975 es
956 3913 1025 3997 ipse
1041 3911 1111 3977 tibi.

1189 4017 1226 4074 K.
