3250 4692
582 439 765 490 SABRINAE
784 439 959 490 COROLL&

681 787 865 865 Parisino.

309 971 358 1034 At
371 993 436 1036 non
451 971 615 1056 egreditur
628 972 754 1036 foribus
768 973 915 1037 Parisino
928 972 1076 1058 superbis

353 1073 478 1137 Audiat
492 1083 530 1137 ut
544 1074 714 1160 strepitum
729 1074 905 1139 desilientis
919 1097 1036 1160 aqvae3

308 1172 379 1238 Nee
394 1198 474 1260 vaga
487 1177 649 1260 nigrantes
663 1176 774 1261 regine
786 1177 989 1262 perambulat
1004 1177 1133 1242 umbras

352 1277 464 1342 Aurea
477 1279 627 1343 nocturni
643 1290 766 1364 spectet
780 1290 820 1342 ut
834 1290 919 1344 astra
933 1279 1039 1343 chori:

310 1379 385 1444 Sive
401 1381 492 1444 sedet
505 1381 619 1445 mediis
634 1381 803 1446 umbrosae
818 1381 854 1445 in
868 1381 1002 1445 floribus
1014 1381 1120 1460 Esus,

353 1482 430 1546 Non
446 1493 494 1546 est
509 1483 657 1568 expliciti
672 1483 826 1568 germinis
838 1483 922 1547 illud
938 1505 1038 1569 opus3

308 1584 547 1670 Exspectatqve
562 1607 655 1648 sonos
670 1595 703 1648 et
718 1585 826 1649 dulcia
839 1607 1005 1649 murmura
1019 1607 1218 1671 quamquam,

352 1687 430 1752 Non
444 1687 602 1752 desiderio
616 1710 693 1766 vox,
709 1687 900 1766 Philomela,
916 1697 1045 1754 tuaest.

310 1790 373 1854 Pes
386 1811 489 1854 novus
504 1813 522 1853 e
537 1791 637 1875 spissa
651 1791 804 1855 foliorum
818 1790 980 1855 adlabitur
994 1791 1119 1870 umbra,

353 1893 454 1978 lnqve
469 1892 541 1957 sinu
557 1905 676 1958 tremor
691 1904 740 1957 est
752 1893 1001 1979 pollueruntque
1014 1915 1135 1978 genae3

310 1993 442 2079 Iamqve
455 2018 575 2060 novum
589 2007 743 2081 repetunt
756 1996 896 2080 virgulta
909 1996 1057 2060 sonantia
1070 2017 1227 2077 murmur,

354 2095 457 2180 Inqve
470 2097 560 2181 genis
573 2098 674 2162 rubor
689 2109 738 2162 est
752 2098 973 2184 intumuitque
987 2098 1085 2164 sinus.

311 2199 520 2278 Conuenient,
534 2201 632 2265 breve
646 2213 846 2266 momentum
860 2202 958 2266 modo
972 2200 1105 2286 fugerit,
1120 2199 1234 2266 ambo:

352 2301 470 2386 Fugite
493 2301 628 2367 amantis
642 2325 750 2369 amans
766 2303 921 2368 sternitur
935 2303 1131 2390 antepedes.

1120 2404 1160 2462 Η.
1176 2405 1209 2462 Τ.

689 2957 841 3056 Pompa.

305 3141 360 3206 En
374 3163 432 3226 ege
446 3141 496 3205 ser
510 3139 654 3206 Veneres
668 3149 825 3225 qvotqvot
838 3159 921 3202 nova
934 3137 1020 3203 secla
1033 3137 1180 3220 crearint,

350 3243 481 3309 Luserit
496 3252 529 3307 et
543 3254 614 3307 toto
630 3252 775 3326 tempore
791 3240 947 3326 qvidqvid
960 3240 1083 3307 Amor:

307 3346 404 3411 Adde
418 3347 611 3432 voluptates,
628 3369 704 3430 qvas
717 3345 812 3410 nobis
821 3368 922 3409 scena
933 3343 1070 3430 paravit,

352 3447 478 3532 Qviqve
492 3447 603 3511 subest
617 3447 757 3512 numeris
772 3446 1028 3530 carminibusqve
1041 3445 1142 3531 lepor.

309 3549 427 3615 Confer
444 3560 478 3612 et
491 3549 677 3628 inlecebras,
692 3572 806 3634 regum
822 3548 938 3634 qvibus
951 3548 1068 3612 adfluit
1081 3547 1165 3628 atrla,

350 3650 534 3736 Vultusqve
548 3663 582 3715 et
594 3651 687 3730 risus,
704 3651 829 3715 ludicra
841 3650 947 3714 mixta
959 3650 1049 3716 iocis.

306 3752 426 3818 Dulcia
438 3775 512 3818 cnm
527 3753 646 3818 salibus
660 3753 705 3818 sic
720 3753 967 3831 confundantur,
983 3762 1023 3817 ut
1035 3752 1120 3818 absit

348 3855 428 3920 Vox
442 3877 496 3922 ea:
521 3855 610 3921 Proh
624 3855 738 3921 claudo
753 3876 848 3940 qvam
860 3855 945 3940 pede
957 3876 1077 3940 pompa
1090 3853 1189 3919 venit.

1075 3987 1108 4045 F.
1123 3987 1157 4043 E.
1171 3983 1208 4043 G.

739 4105 760 4148 s
776 4103 798 4148 Δ
