3250 4692
578 394 761 444 SABRINAE
780 396 955 448 COROLLA.

567 653 842 751 Mensflactuat
861 669 970 730 aestu.

264 837 360 902 Meus
374 860 455 916 mea,
470 860 531 901 ceu
545 836 637 921 figuli
653 860 783 901 currens
796 848 878 919 rota,
894 839 1035 904 volvitur
1049 840 1146 919 orbe;

263 940 382 1005 Nescio
397 964 455 1005 nec
471 941 548 1026 qvid
561 963 663 1025 agam,
679 963 738 1004 nec
754 942 842 1026 qveis
856 942 1042 1025 regionibus
1057 966 1169 1009 errem.

263 1043 396 1108 Femina
410 1067 485 1128 saga
498 1053 598 1121 metu,
615 1066 680 1106 non
695 1043 737 1122 vi,
754 1043 845 1107 velut
860 1043 1036 1123 Hannibal,
1052 1069 1140 1110 arma

263 1145 383 1210 Nostra
396 1156 562 1231 retorqvet
575 1169 682 1230 agenr,
697 1147 902 1232 victriciaque
917 1148 1045 1232 agmina
1059 1148 1159 1212 ducit.

262 1247 375 1315 Qvalis
389 1271 465 1334 apes
478 1271 577 1334 vapor
591 1249 738 1312 admotus
754 1248 892 1334 qvalisve
908 1249 1072 1314 columbas

262 1350 362 1415 Teter
376 1352 455 1415 odor
470 1350 583 1414 turrim
599 1361 656 1415 aut
670 1351 806 1415 alvearia
820 1352 964 1437 propulit
978 1364 1081 1416 extra.

262 1451 330 1516 Olli
344 1475 451 1516 nonne
467 1476 560 1517 canes
575 1476 633 1517 nos
648 1454 711 1517 iam
727 1454 841 1517 dixere
856 1454 1030 1517 Britannos

262 1553 400 1641 Propter
414 1567 555 1620 atrocem
569 1555 736 1620 animum?
780 1554 898 1619 Patulo
913 1556 1158 1621 exululantibus
1172 1580 1226 1622 ore

261 1657 359 1721 Nunc
374 1657 487 1722 catulis
501 1658 620 1722 similes
635 1659 842 1722 discurrimus
856 1682 992 1744 acqvore
1007 1671 1088 1724 toto.

262 1759 336 1824 Hoc
350 1761 446 1845 agite,
464 1760 494 1825 O
510 1763 605 1826 socii:
630 1773 687 1826 aut
702 1763 803 1827 aciem
818 1763 993 1827 instaurate
1007 1765 1187 1843 redactam,

261 1865 333 1928 Aut
348 1863 446 1948 signis
460 1865 548 1950 picta
562 1888 617 1929 ora
631 1865 763 1930 leonum
778 1866 958 1930 exscindite
972 1867 1108 1931 nostris:

260 1965 385 2030 Exuite
399 1967 567 2052 ingenium
581 1969 800 2054 patriamqre3
825 1969 959 2054 locoqve
973 1968 1104 2033 leonum

260 2066 401 2134 Inbelles
417 2071 525 2135 ovium
540 2070 574 2134 in
589 2072 709 2136 vexilla
723 2072 863 2136 retexite
877 2072 1005 2137 formas.

261 2169 338 2234 Non
352 2170 399 2235 ita
411 2195 492 2256 grex
509 2175 618 2237 ovium
632 2175 729 2239 modo
745 2175 849 2238 visum
863 2174 950 2258 fugit
964 2174 1116 2240 anhelans

259 2273 355 2339 Valle
368 2274 493 2361 lupum,
511 2299 575 2340 non
590 2279 635 2341 sic
650 2301 750 2363 eqvus
765 2289 823 2342 aut
838 2278 928 2343 bovis
943 2279 1064 2364 ungula
1076 2281 1224 2365 pardum,

260 2376 309 2441 Ut
324 2377 420 2442 Gallo
436 2379 532 2444 toties
546 2380 632 2444 victo
646 2403 701 2445 ros
716 2394 807 2466 terga
822 2381 963 2447 dedistis.

1077 2486 1110 2543 Τ.
1127 2487 1155 2544 S.
1170 2487 1203 2543 E.

683 2650 842 2660 q

625 2847 660 2919 Τ
657 2845 766 2920 arnoli
786 2845 903 2929 Quies.

475 3031 574 3095 Alma
587 3031 742 3096 flentibus
757 3045 806 3095 est
821 3033 929 3117 qvies3

474 3133 586 3199 Fessos
601 3135 778 3221 hospitium
792 3146 919 3213 manet3

476 3235 625 3301 Suaviter
638 3238 805 3318 recubant,
822 3238 908 3302 leves

519 3340 749 3427 Hauriuntqve
763 3364 903 3427 sopores.

475 3547 615 3610 Brumae
631 3547 825 3631 compositos
838 3546 939 3612 humo

474 3648 585 3713 Turbo
601 3672 666 3713 non
681 3651 780 3734 magis
796 3651 919 3715 excitat

473 3751 578 3818 Qvam
594 3753 729 3838 suspiria
745 3776 824 3838 qvae
839 3775 942 3817 rosam

514 3853 624 3919 Verria
638 3879 768 3941 vespere
784 3855 948 3921 claudunt.
