3250 4692
569 456 752 506 SABRINAE
771 457 947 507 COROLLA„
1212 459 1259 506 195

656 824 848 898 Mulciber.

300 1007 472 1093 Postqvam
487 1031 630 1073 summus
644 1031 730 1094 apex
744 1009 823 1072 moli
837 1006 1069 1092 superadstitit,
1085 1005 1164 1069 exin

300 1109 453 1174 Dissiluit
467 1110 566 1175 valvis
581 1111 804 1196 bipatentibus
819 1132 910 1175 aerea
924 1120 1035 1194 porta:

301 1211 447 1297 Apparet
462 1214 576 1276 domus
590 1214 688 1292 intus,
706 1223 739 1277 et
753 1215 835 1278 atria
849 1213 946 1297 longa
958 1220 1128 1297 patescunt

300 1315 494 1399 Instratiqve
510 1315 578 1379 solo
592 1314 733 1400 lapides:
757 1315 960 1400 laqvearibus
973 1314 1057 1391 altis,

299 1417 390 1481 Artis
405 1439 486 1503 opus
500 1418 650 1502 magicae,
665 1419 853 1502 dependent
865 1418 976 1482 ordine
990 1415 1095 1479 multo

300 1519 440 1582 Lumina
454 1518 625 1604 lychniqve
640 1530 674 1582 et
688 1519 853 1583 stellarum
866 1518 1045 1583 imitamina
1059 1514 1181 1592 taedae,
1216 1531 1220 1537 ’

300 1621 391 1688 Qvae
406 1621 498 1705 piceo
513 1621 650 1706 asphalti
664 1621 888 1706 naphthaeqve
902 1621 1062 1685 bitumine
1075 1628 1185 1704 pastae

300 1723 499 1787 Diffundunt
513 1724 607 1787 iubar
620 1722 810 1787 aetherium.
856 1722 991 1808 Raptim
1004 1720 1107 1784 inruit
1121 1741 1235 1803 agmen

301 1826 498 1891 Mirantum:
522 1827 557 1890 hi
572 1827 692 1891 tollunt
706 1849 787 1911 opus
802 1826 909 1912 ipsum
923 1824 1085 1901 laudibus,
1100 1822 1150 1886 illi

301 1929 479 1996 Artificem.
525 1929 669 1994 Artificis
684 1930 831 1993 dextram
846 1927 990 1993 confessa
1003 1926 1187 2011 magistram

304 2031 441 2095 Stabant
454 2055 512 2117 per
527 2031 651 2096 caelum
666 2032 781 2097 turrita
795 2030 916 2117 palatia
929 2029 1066 2115 passim:

301 2133 374 2198 Illic
389 2134 423 2197 in
437 2133 516 2197 solio
531 2134 666 2218 sceptris
680 2144 801 2198 armata
816 2134 973 2197 sedebant

301 2235 455 2314 Numina,
473 2259 634 2300 sacrorum
649 2237 745 2300 sarias
758 2236 963 2300 nitidissuma
975 2255 1100 2318 regum,

302 2338 402 2406 Qveis
416 2361 560 2402 summus
575 2339 729 2424 Princeps
742 2361 850 2403 rerum
864 2337 1031 2402 mandarat
1046 2336 1187 2400 habenas

302 2441 424 2506 Ordine
439 2443 552 2527 cuiqve
567 2465 626 2506 suo
641 2453 786 2507 tractare.
833 2442 948 2526 Neqve
962 2439 1050 2503 illius
1065 2438 1142 2502 olim

302 2543 431 2608 Nomen
446 2545 628 2609 inauditum
645 2545 763 2622 Graiis,
780 2567 839 2608 nec
855 2544 956 2608 Graia
969 2541 1108 2606 silebant

303 2647 470 2712 Carmina:
495 2647 715 2712 Mulciberum
731 2649 886 2712 dixerunt
900 2647 1059 2722 Ausones,
1075 2655 1175 2727 utqve

304 2748 471 2813 Deciderit
485 2749 583 2828 caelo,
601 2749 808 2814 decantavere
822 2760 949 2834 poetae,

304 2850 368 2914 Per
383 2851 565 2935 crystallina
578 2852 749 2936 pinnarum
764 2851 893 2934 fastigia
906 2871 1057 2935 praeceps

303 2953 359 3016 Ab
373 2953 453 3016 Jove
469 2953 675 3016 deturbatus:
700 2953 772 3016 Eoo
787 2977 805 3016 a
820 2952 887 3016 sole
902 2953 1050 3015 deorsum

305 3054 360 3119 Ad
372 3054 525 3132 medium,
542 3054 608 3118 sole
623 3054 762 3119 emedio
777 3055 919 3119 rorantia
932 3054 972 3117 ad
987 3064 1072 3117 astra

304 3157 475 3220 Aestivum
490 3157 576 3221 cadit
591 3179 690 3241 usqve
706 3156 810 3236 diem3
834 3167 1047 3240 vergenteqve
1062 3154 1208 3232 Phoebo,

303 3257 431 3323 Labans
446 3259 589 3323 aetherio
605 3258 643 3322 de
659 3260 778 3323 vertice
793 3259 906 3323 sideris
920 3259 1020 3321 instar

304 3361 428 3426 Incidit
442 3360 590 3445 Aegaeae
606 3361 739 3427 Lemno.
788 3361 842 3425 Sic
855 3360 967 3424 fabula
980 3359 1120 3424 mendax

306 3463 455 3528 Scilicet:
479 3464 534 3528 ille
549 3477 655 3528 autem
672 3466 769 3528 turba
782 3465 923 3550 stipante
937 3463 1051 3528 rebelli

305 3564 393 3630 Ante
408 3565 465 3630 diu
481 3566 613 3631 cecidit:
638 3589 740 3652 neqve
756 3567 842 3631 enim
855 3567 920 3631 iam
934 3565 1059 3651 profuit
1073 3565 1130 3630 olli

305 3666 419 3730 Aerias
434 3667 521 3731 caelo
536 3679 639 3732 turres
654 3669 820 3746 struxisse,
836 3661 1009 3752 fugamqve
1123 3675 1135 3683 ''

306 3768 441 3832 Fabrica
454 3769 543 3833 nulla
558 3770 663 3848 dabat,
682 3772 757 3856 qvin
772 3771 841 3856 ipse
855 3769 986 3833 volutus
1000 3768 1041 3833 ad
1055 3770 1185 3834 umbras

199 3897 202 3903 ·
307 3871 537 3956 Artificemqve
554 3873 681 3936 trahens
697 3874 824 3937 turbam
840 3872 1023 3936 aedificaret
1035 3872 1069 3935 in
1085 3871 1182 3937 Orco.

1082 4006 1115 4062 T.
1131 4005 1161 4063 S.
1174 4006 1209 4062 E.
