3250 4692
679 417 863 469 SABRINAE
882 414 1058 467 conoLLn

496 584 603 649 Audit
615 604 747 648 corusco
763 582 802 646 de
816 580 896 645 solio
911 579 1001 645 Iovis

497 687 641 753 Bellator
653 686 738 763 ales;
761 706 840 748 mox
852 684 963 770 piceus
977 705 1075 768 sopor

561 788 745 874 Compescit
758 786 882 851 alarum
895 785 1055 870 fragorem
1069 797 1103 850 et

626 889 813 956 Fulmineos
828 886 914 952 oculi
929 888 1063 951 minacis

498 1132 618 1197 Condit
631 1131 767 1195 furores.
813 1128 861 1193 Te
876 1129 1020 1214 seqritur
1035 1127 1169 1207 Chorus,

498 1236 684 1320 Utcumqve
698 1232 790 1297 molli
802 1233 837 1296 in
852 1234 994 1317 gramine
1010 1234 1166 1297 coetubus

563 1337 724 1403 Bacchata
736 1358 795 1422 per
808 1346 937 1400 noctem
951 1336 1108 1420 protervis

628 1438 746 1504 Idalias
761 1439 923 1523 Cytherea
936 1438 1093 1525 nymphas

500 1680 631 1743 Iunctos
644 1676 790 1762 gemellis
804 1677 895 1741 ducit
910 1676 1103 1741 Amoribus:

500 1783 656 1847 Praesens
669 1780 832 1865 Voluptas
846 1790 879 1843 et
893 1802 1003 1843 roseus
1019 1778 1129 1843 Pudor

562 1882 610 1947 Et
623 1882 708 1945 laeta
721 1881 892 1945 Ludorum
906 1892 1041 1959 caterve,

628 1985 804 2071 Virgineoe
819 1985 952 2050 comites
966 1985 1110 2063 choreae,

499 2224 598 2289 Nunc
611 2223 757 2287 involuto
771 2246 837 2287 non
853 2223 952 2288 semel
967 2223 1078 2287 ordine

499 2329 631 2394 Terram
645 2326 794 2391 trementi
809 2328 999 2392 concutiunt
1012 2327 1113 2413 pede3

564 2430 661 2495 Nunc
676 2451 818 2513 qvaeqve
834 2428 981 2493 certatim
994 2427 1114 2492 volanti

628 2532 796 2615 Qvemqve
809 2530 897 2615 fugit
911 2531 1115 2616 seqviturqve
1128 2529 1249 2616 planta.

500 2769 566 2835 Sed
580 2768 679 2834 Musa
692 2767 806 2832 molles
820 2768 956 2832 solvitur
969 2769 1004 2833 in
1018 2768 1147 2833 modos:

499 2873 553 2937 En
566 2872 637 2956 ipsc
650 2871 745 2935 nexis
758 2893 824 2934 non
840 2872 907 2935 sine
924 2872 1048 2936 Gratiis

562 2973 691 3059 Regina
703 2973 868 3059 procedit:
892 2974 1040 3038 decentes

629 3076 685 3141 Ad
698 3098 869 3139 numerum
884 3078 1014 3141 fluitant
1026 3075 1137 3140 lacerti

501 3316 647 3381 Sublime
661 3316 696 3379 in
710 3338 823 3379 euros:
848 3338 888 3379 en
902 3316 990 3380 facili
1004 3315 1087 3380 viam

500 3418 682 3503 spectanda
695 3417 788 3501 lapsu
802 3418 960 3503 conripit;
985 3440 1023 3482 en
1039 3439 1139 3502 genoe

566 3519 701 3585 Pellaeis
716 3519 927 3605 undantisqvc
943 3519 1016 3584 colli

628 3623 814 3707 Purpureos
829 3623 933 3687 Amor
947 3634 1045 3707 eriget
1057 3624 1155 3707 ignes.

988 3748 1022 3802 E.
1038 3746 1076 3805 H.
1092 3746 1122 3804 C.
1139 3753 1185 3815 (er
1199 3746 1316 3824 Gnero.)
