<?xml version="1.0" encoding="UTF-8"?>
<!DOCTYPE html PUBLIC "-//W3C//DTD XHTML 1.0 Transitional//EN"
    "http://www.w3.org/TR/xhtml1/DTD/xhtml1-transitional.dtd">
<html xmlns="http://www.w3.org/1999/xhtml" xml:lang="en" lang="en">
 <head>
  <title>
</title>
<meta http-equiv="Content-Type" content="text/html;charset=utf-8" />
  <meta name='ocr-system' content='tesseract 3.04.00' />
  <meta name='ocr-capabilities' content='ocr_page ocr_carea ocr_par ocr_line ocrx_word'/>
</head>
<body>
  <div class='ocr_page' id='page_1' title='image "./sabrinaecorolla00shrgoog_0036.png"; bbox 0 0 3250 4692; ppageno 0'>
   <div class='ocr_carea' id='block_1_1' title="bbox 677 403 1053 454">
    <p class='ocr_par' dir='ltr' id='par_1_1' title="bbox 677 403 1053 454">
     <span class='ocr_line' id='line_1_1' title="bbox 677 403 1053 454; baseline -0.005 -2"><span class='ocrx_word' id='word_1_1' title='bbox 677 404 860 454; x_wconf 77' lang='lat' dir='ltr'><strong>SABRINAE</strong></span> <span class='ocrx_word' id='word_1_2' title='bbox 878 403 1053 452; x_wconf 79' lang='lat' dir='ltr'><strong>COROLLA.</strong></span> 
     </span>
    </p>
   </div>
   <div class='ocr_carea' id='block_1_2' title="bbox 409 569 1278 3626">
    <p class='ocr_par' dir='ltr' id='par_1_2' title="bbox 409 569 1163 756">
     <span class='ocr_line' id='line_1_2' title="bbox 409 569 1163 634; baseline -0.007 0"><span class='ocrx_word' id='word_1_3' title='bbox 409 570 546 634; x_wconf 84' lang='lat' dir='ltr'>Provida</span> <span class='ocrx_word' id='word_1_4' title='bbox 559 593 600 634; x_wconf 91' lang='lat' dir='ltr'>ue</span> <span class='ocrx_word' id='word_1_5' title='bbox 615 570 714 634; x_wconf 84' lang='lat' dir='ltr'>fasces</span> <span class='ocrx_word' id='word_1_6' title='bbox 728 581 761 634; x_wconf 85' lang='lat' dir='ltr'>et</span> <span class='ocrx_word' id='word_1_7' title='bbox 775 569 892 634; x_wconf 88' lang='lat' dir='ltr'>avitam</span> <span class='ocrx_word' id='word_1_8' title='bbox 907 579 1000 631; x_wconf 80' lang='lat' dir='ltr'>nacta</span> <span class='ocrx_word' id='word_1_9' title='bbox 1014 589 1163 630; x_wconf 89' lang='lat' dir='ltr'>coronam</span> 
     </span>
     <span class='ocr_line' id='line_1_3' title="bbox 452 668 1157 756; baseline -0.004 -20"><span class='ocrx_word' id='word_1_10' title='bbox 452 672 545 736; x_wconf 88' lang='lat' dir='ltr'>Sorte</span> <span class='ocrx_word' id='word_1_11' title='bbox 560 674 663 736; x_wconf 89' lang='lat' dir='ltr'>minor</span> <span class='ocrx_word' id='word_1_12' title='bbox 678 694 791 756; x_wconf 85' lang='lat' dir='ltr'>magna</span> <span class='ocrx_word' id='word_1_13' title='bbox 805 671 893 754; x_wconf 84' lang='lat' dir='ltr'>regia</span> <span class='ocrx_word' id='word_1_14' title='bbox 907 670 1049 754; x_wconf 85' lang='lat' dir='ltr'>nympha</span> <span class='ocrx_word' id='word_1_15' title='bbox 1062 668 1157 733; x_wconf 83' lang='lat' dir='ltr'>foret.</span> 
     </span>
    </p>

    <p class='ocr_par' dir='ltr' id='par_1_3' title="bbox 410 771 1200 959">
     <span class='ocr_line' id='line_1_4' title="bbox 410 771 1200 860; baseline -0.006 -22"><span class='ocrx_word' id='word_1_16' title='bbox 410 775 463 839; x_wconf 86' lang='lat' dir='ltr'>Sic</span> <span class='ocrx_word' id='word_1_17' title='bbox 478 776 591 860; x_wconf 84' lang='lat' dir='ltr'>viguit,</span> <span class='ocrx_word' id='word_1_18' title='bbox 607 776 651 840; x_wconf 91' lang='lat' dir='ltr'>sic</span> <span class='ocrx_word' id='word_1_19' title='bbox 666 775 752 839; x_wconf 89' lang='lat' dir='ltr'>culta</span> <span class='ocrx_word' id='word_1_20' title='bbox 767 773 841 851; x_wconf 87' lang='lat' dir='ltr'>fuit,</span> <span class='ocrx_word' id='word_1_21' title='bbox 857 773 901 837; x_wconf 90' lang='lat' dir='ltr'>sic</span> <span class='ocrx_word' id='word_1_22' title='bbox 917 773 1017 836; x_wconf 87' lang='lat' dir='ltr'>crevit</span> <span class='ocrx_word' id='word_1_23' title='bbox 1030 771 1065 834; x_wconf 90' lang='lat' dir='ltr'>in</span> <span class='ocrx_word' id='word_1_24' title='bbox 1080 793 1200 849; x_wconf 79' lang='lat' dir='ltr'>annos3</span> 
     </span>
     <span class='ocr_line' id='line_1_5' title="bbox 452 872 1184 959; baseline -0.008 -17"><span class='ocrx_word' id='word_1_25' title='bbox 452 878 551 942; x_wconf 81' lang='lat' dir='ltr'><strong>Edita</strong></span> <span class='ocrx_word' id='word_1_26' title='bbox 564 879 609 942; x_wconf 89' lang='lat' dir='ltr'>sic</span> <span class='ocrx_word' id='word_1_27' title='bbox 623 878 711 940; x_wconf 89' lang='lat' dir='ltr'>miris</span> <span class='ocrx_word' id='word_1_28' title='bbox 726 877 889 959; x_wconf 85' lang='lat' dir='ltr'>formaqve</span> <span class='ocrx_word' id='word_1_29' title='bbox 905 896 1055 958; x_wconf 90' lang='lat' dir='ltr'>mensqve</span> <span class='ocrx_word' id='word_1_30' title='bbox 1071 872 1184 936; x_wconf 91' lang='lat' dir='ltr'>modis.</span> 
     </span>
    </p>

    <p class='ocr_par' dir='ltr' id='par_1_4' title="bbox 411 974 1262 1165">
     <span class='ocr_line' id='line_1_6' title="bbox 411 974 1262 1064; baseline -0.008 -21"><span class='ocrx_word' id='word_1_31' title='bbox 411 980 516 1044; x_wconf 89' lang='lat' dir='ltr'>Dulce</span> <span class='ocrx_word' id='word_1_32' title='bbox 531 981 627 1044; x_wconf 88' lang='lat' dir='ltr'>decus</span> <span class='ocrx_word' id='word_1_33' title='bbox 641 978 773 1064; x_wconf 85' lang='lat' dir='ltr'>patriae,</span> <span class='ocrx_word' id='word_1_34' title='bbox 790 977 904 1060; x_wconf 88' lang='lat' dir='ltr'>Virgo,</span> <span class='ocrx_word' id='word_1_35' title='bbox 920 999 992 1040; x_wconf 88' lang='lat' dir='ltr'>rosa</span> <span class='ocrx_word' id='word_1_36' title='bbox 1005 998 1103 1053; x_wconf 88' lang='lat' dir='ltr'>sacra,</span> <span class='ocrx_word' id='word_1_37' title='bbox 1119 974 1262 1050; x_wconf 89' lang='lat' dir='ltr'>virebas;</span> 
     </span>
     <span class='ocr_line' id='line_1_7' title="bbox 454 1079 1205 1165; baseline -0.011 -17"><span class='ocrx_word' id='word_1_38' title='bbox 454 1083 606 1148; x_wconf 87' lang='lat' dir='ltr'>Laeserat</span> <span class='ocrx_word' id='word_1_39' title='bbox 623 1095 656 1148; x_wconf 86' lang='lat' dir='ltr'>et</span> <span class='ocrx_word' id='word_1_40' title='bbox 670 1093 818 1146; x_wconf 89' lang='lat' dir='ltr'>tenerum</span> <span class='ocrx_word' id='word_1_41' title='bbox 832 1080 921 1144; x_wconf 89' lang='lat' dir='ltr'>nulla</span> <span class='ocrx_word' id='word_1_42' title='bbox 933 1079 1075 1165; x_wconf 90' lang='lat' dir='ltr'>procella</span> <span class='ocrx_word' id='word_1_43' title='bbox 1088 1090 1205 1163; x_wconf 89' lang='lat' dir='ltr'>caput:</span> 
     </span>
    </p>

    <p class='ocr_par' dir='ltr' id='par_1_5' title="bbox 409 1181 1179 1370">
     <span class='ocr_line' id='line_1_8' title="bbox 409 1181 1161 1269; baseline -0.007 -21"><span class='ocrx_word' id='word_1_44' title='bbox 409 1185 545 1250; x_wconf 86' lang='lat' dir='ltr'>Brachia</span> <span class='ocrx_word' id='word_1_45' title='bbox 560 1195 592 1249; x_wconf 90' lang='lat' dir='ltr'>te</span> <span class='ocrx_word' id='word_1_46' title='bbox 607 1186 726 1250; x_wconf 90' lang='lat' dir='ltr'>circum</span> <span class='ocrx_word' id='word_1_47' title='bbox 743 1206 877 1269; x_wconf 89' lang='lat' dir='ltr'>qvercus</span> <span class='ocrx_word' id='word_1_48' title='bbox 891 1183 999 1246; x_wconf 89' lang='lat' dir='ltr'>nativa</span> <span class='ocrx_word' id='word_1_49' title='bbox 1013 1181 1161 1259; x_wconf 85' lang='lat' dir='ltr'>tetendit,</span> 
     </span>
     <span class='ocr_line' id='line_1_9' title="bbox 454 1283 1179 1370; baseline -0.006 -18"><span class='ocrx_word' id='word_1_50' title='bbox 454 1287 609 1366; x_wconf 81' lang='lat' dir='ltr'>Qvercus,</span> <span class='ocrx_word' id='word_1_51' title='bbox 626 1310 714 1351; x_wconf 89' lang='lat' dir='ltr'>amor</span> <span class='ocrx_word' id='word_1_52' title='bbox 728 1287 837 1370; x_wconf 92' lang='lat' dir='ltr'>superi</span> <span class='ocrx_word' id='word_1_53' title='bbox 853 1286 999 1370; x_wconf 89' lang='lat' dir='ltr'>dictaqve</span> <span class='ocrx_word' id='word_1_54' title='bbox 1014 1305 1091 1348; x_wconf 89' lang='lat' dir='ltr'>cura</span> <span class='ocrx_word' id='word_1_55' title='bbox 1105 1283 1179 1348; x_wconf 89' lang='lat' dir='ltr'>Dei.</span> 
     </span>
    </p>

    <p class='ocr_par' dir='ltr' id='par_1_6' title="bbox 411 1385 1266 1578">
     <span class='ocr_line' id='line_1_10' title="bbox 411 1385 1171 1476; baseline -0.005 -24"><span class='ocrx_word' id='word_1_56' title='bbox 411 1390 504 1454; x_wconf 87' lang='lat' dir='ltr'>Salve</span> <span class='ocrx_word' id='word_1_57' title='bbox 518 1389 578 1454; x_wconf 83' lang='lat' dir='ltr'>lux</span> <span class='ocrx_word' id='word_1_58' title='bbox 593 1390 715 1476; x_wconf 92' lang='lat' dir='ltr'>populo</span> <span class='ocrx_word' id='word_1_59' title='bbox 729 1411 888 1474; x_wconf 82' lang='lat' dir='ltr'>praesens,</span> <span class='ocrx_word' id='word_1_60' title='bbox 905 1387 1051 1452; x_wconf 89' lang='lat' dir='ltr'>Victoria</span> <span class='ocrx_word' id='word_1_61' title='bbox 1064 1385 1171 1462; x_wconf 83' lang='lat' dir='ltr'>salve3</span> 
     </span>
     <span class='ocr_line' id='line_1_11' title="bbox 454 1487 1266 1578; baseline -0.009 -21"><span class='ocrx_word' id='word_1_62' title='bbox 454 1493 636 1578; x_wconf 85' lang='lat' dir='ltr'>Cognatum</span> <span class='ocrx_word' id='word_1_63' title='bbox 650 1491 770 1577; x_wconf 82' lang='lat' dir='ltr'>patriae</span> <span class='ocrx_word' id='word_1_64' title='bbox 785 1514 872 1555; x_wconf 88' lang='lat' dir='ltr'>nunc</span> <span class='ocrx_word' id='word_1_65' title='bbox 887 1512 1011 1575; x_wconf 88' lang='lat' dir='ltr'>qvoqve</span> <span class='ocrx_word' id='word_1_66' title='bbox 1026 1512 1142 1553; x_wconf 90' lang='lat' dir='ltr'>nomen</span> <span class='ocrx_word' id='word_1_67' title='bbox 1157 1487 1266 1550; x_wconf 89' lang='lat' dir='ltr'>habes.</span> 
     </span>
    </p>

    <p class='ocr_par' dir='ltr' id='par_1_7' title="bbox 413 1592 1245 1776">
     <span class='ocr_line' id='line_1_12' title="bbox 413 1592 1215 1678; baseline -0.005 -20"><span class='ocrx_word' id='word_1_68' title='bbox 413 1595 476 1659; x_wconf 90' lang='lat' dir='ltr'>Per</span> <span class='ocrx_word' id='word_1_69' title='bbox 490 1605 547 1659; x_wconf 91' lang='lat' dir='ltr'>tua</span> <span class='ocrx_word' id='word_1_70' title='bbox 562 1596 718 1674; x_wconf 90' lang='lat' dir='ltr'>coniurat,</span> <span class='ocrx_word' id='word_1_71' title='bbox 735 1594 837 1658; x_wconf 90' lang='lat' dir='ltr'>veluti</span> <span class='ocrx_word' id='word_1_72' title='bbox 852 1616 910 1678; x_wconf 89' lang='lat' dir='ltr'>per</span> <span class='ocrx_word' id='word_1_73' title='bbox 925 1592 1065 1670; x_wconf 84' lang='lat' dir='ltr'>foedera,</span> <span class='ocrx_word' id='word_1_74' title='bbox 1082 1613 1215 1675; x_wconf 81' lang='lat' dir='ltr'>regnum</span> 
     </span>
     <span class='ocr_line' id='line_1_13' title="bbox 456 1694 1245 1776; baseline -0.005 -15"><span class='ocrx_word' id='word_1_75' title='bbox 456 1698 615 1776; x_wconf 76' lang='lat' dir='ltr'>Nomina,</span> <span class='ocrx_word' id='word_1_76' title='bbox 639 1720 704 1762; x_wconf 86' lang='lat' dir='ltr'>vox</span> <span class='ocrx_word' id='word_1_77' title='bbox 721 1699 859 1775; x_wconf 90' lang='lat' dir='ltr'>turbam,</span> <span class='ocrx_word' id='word_1_78' title='bbox 876 1718 941 1758; x_wconf 84' lang='lat' dir='ltr'>vox</span> <span class='ocrx_word' id='word_1_79' title='bbox 957 1705 1046 1759; x_wconf 90' lang='lat' dir='ltr'>tenet</span> <span class='ocrx_word' id='word_1_80' title='bbox 1060 1717 1124 1758; x_wconf 89' lang='lat' dir='ltr'>una</span> <span class='ocrx_word' id='word_1_81' title='bbox 1138 1694 1245 1758; x_wconf 88' lang='lat' dir='ltr'>duces.</span> 
     </span>
    </p>

    <p class='ocr_par' dir='ltr' id='par_1_8' title="bbox 413 1797 1158 1985">
     <span class='ocr_line' id='line_1_14' title="bbox 413 1797 1158 1883; baseline -0.003 -22"><span class='ocrx_word' id='word_1_82' title='bbox 413 1797 619 1863; x_wconf 88' lang='lat' dir='ltr'>Immemores</span> <span class='ocrx_word' id='word_1_83' title='bbox 634 1799 711 1863; x_wconf 87' lang='lat' dir='ltr'>belli</span> <span class='ocrx_word' id='word_1_84' title='bbox 727 1800 844 1863; x_wconf 90' lang='lat' dir='ltr'>veteris</span> <span class='ocrx_word' id='word_1_85' title='bbox 857 1797 1033 1883; x_wconf 86' lang='lat' dir='ltr'>paullisper</span> <span class='ocrx_word' id='word_1_86' title='bbox 1047 1809 1080 1862; x_wconf 86' lang='lat' dir='ltr'>et</span> <span class='ocrx_word' id='word_1_87' title='bbox 1093 1798 1158 1860; x_wconf 89' lang='lat' dir='ltr'>irae</span> 
     </span>
     <span class='ocr_line' id='line_1_15' title="bbox 457 1899 1147 1985; baseline -0.006 -20"><span class='ocrx_word' id='word_1_88' title='bbox 457 1900 624 1965; x_wconf 89' lang='lat' dir='ltr'>Insolitam</span> <span class='ocrx_word' id='word_1_89' title='bbox 639 1901 780 1985; x_wconf 85' lang='lat' dir='ltr'>iungunt</span> <span class='ocrx_word' id='word_1_90' title='bbox 794 1899 878 1984; x_wconf 82' lang='lat' dir='ltr'>ignis</span> <span class='ocrx_word' id='word_1_91' title='bbox 892 1911 926 1962; x_wconf 88' lang='lat' dir='ltr'>et</span> <span class='ocrx_word' id='word_1_92' title='bbox 940 1899 1027 1962; x_wconf 90' lang='lat' dir='ltr'>unda</span> <span class='ocrx_word' id='word_1_93' title='bbox 1040 1899 1147 1962; x_wconf 86' lang='lat' dir='ltr'>fidem.</span> 
     </span>
    </p>

    <p class='ocr_par' dir='ltr' id='par_1_9' title="bbox 413 2002 1248 2190">
     <span class='ocr_line' id='line_1_16' title="bbox 413 2002 1248 2086; baseline -0.004 -20"><span class='ocrx_word' id='word_1_94' title='bbox 413 2003 527 2066; x_wconf 88' lang='lat' dir='ltr'>Altera</span> <span class='ocrx_word' id='word_1_95' title='bbox 542 2004 626 2086; x_wconf 94' lang='lat' dir='ltr'>qvod</span> <span class='ocrx_word' id='word_1_96' title='bbox 641 2013 781 2080; x_wconf 87' lang='lat' dir='ltr'>censent,</span> <span class='ocrx_word' id='word_1_97' title='bbox 799 2003 885 2067; x_wconf 88' lang='lat' dir='ltr'>ultro</span> <span class='ocrx_word' id='word_1_98' title='bbox 900 2024 972 2086; x_wconf 89' lang='lat' dir='ltr'>pars</span> <span class='ocrx_word' id='word_1_99' title='bbox 987 2002 1086 2065; x_wconf 88' lang='lat' dir='ltr'>altera</span> <span class='ocrx_word' id='word_1_100' title='bbox 1100 2013 1248 2078; x_wconf 81' lang='lat' dir='ltr'>censent3</span> 
     </span>
     <span class='ocr_line' id='line_1_17' title="bbox 456 2105 1130 2190; baseline -0.001 -21"><span class='ocrx_word' id='word_1_101' title='bbox 456 2105 630 2190; x_wconf 84' lang='lat' dir='ltr'>Raucaqve</span> <span class='ocrx_word' id='word_1_102' title='bbox 644 2107 778 2170; x_wconf 91' lang='lat' dir='ltr'>verboso</span> <span class='ocrx_word' id='word_1_103' title='bbox 795 2105 893 2169; x_wconf 89' lang='lat' dir='ltr'>Curia</span> <span class='ocrx_word' id='word_1_104' title='bbox 908 2105 1015 2168; x_wconf 86' lang='lat' dir='ltr'>Marte</span> <span class='ocrx_word' id='word_1_105' title='bbox 1029 2115 1130 2168; x_wconf 87' lang='lat' dir='ltr'>vacat.</span> 
     </span>
    </p>

    <p class='ocr_par' dir='ltr' id='par_1_10' title="bbox 413 2205 1147 2393">
     <span class='ocr_line' id='line_1_18' title="bbox 413 2205 1147 2291; baseline 0 -22"><span class='ocrx_word' id='word_1_106' title='bbox 413 2205 460 2270; x_wconf 87' lang='lat' dir='ltr'>Te</span> <span class='ocrx_word' id='word_1_107' title='bbox 474 2229 621 2291; x_wconf 84' lang='lat' dir='ltr'>proceres</span> <span class='ocrx_word' id='word_1_108' title='bbox 636 2206 703 2284; x_wconf 88' lang='lat' dir='ltr'>alti,</span> <span class='ocrx_word' id='word_1_109' title='bbox 722 2220 754 2270; x_wconf 92' lang='lat' dir='ltr'>te</span> <span class='ocrx_word' id='word_1_110' title='bbox 769 2207 862 2291; x_wconf 90' lang='lat' dir='ltr'>plebs</span> <span class='ocrx_word' id='word_1_111' title='bbox 877 2207 1006 2270; x_wconf 88' lang='lat' dir='ltr'>adversa</span> <span class='ocrx_word' id='word_1_112' title='bbox 1020 2205 1147 2283; x_wconf 84' lang='lat' dir='ltr'>salutat,</span> 
     </span>
     <span class='ocr_line' id='line_1_19' title="bbox 456 2308 1142 2393; baseline -0.001 -21"><span class='ocrx_word' id='word_1_113' title='bbox 456 2308 624 2372; x_wconf 91' lang='lat' dir='ltr'>Divitibus</span> <span class='ocrx_word' id='word_1_114' title='bbox 639 2331 746 2373; x_wconf 89' lang='lat' dir='ltr'>carum</span> <span class='ocrx_word' id='word_1_115' title='bbox 762 2309 1020 2393; x_wconf 89' lang='lat' dir='ltr'>pauperibusqve</span> <span class='ocrx_word' id='word_1_116' title='bbox 1035 2318 1142 2392; x_wconf 89' lang='lat' dir='ltr'>caput.</span> 
     </span>
    </p>

    <p class='ocr_par' dir='ltr' id='par_1_11' title="bbox 415 2410 1192 2598">
     <span class='ocr_line' id='line_1_20' title="bbox 415 2410 1178 2494; baseline 0.003 -21"><span class='ocrx_word' id='word_1_117' title='bbox 415 2410 499 2474; x_wconf 89' lang='lat' dir='ltr'>Tota</span> <span class='ocrx_word' id='word_1_118' title='bbox 513 2434 589 2474; x_wconf 88' lang='lat' dir='ltr'>suae</span> <span class='ocrx_word' id='word_1_119' title='bbox 604 2411 719 2476; x_wconf 86' lang='lat' dir='ltr'>faciem</span> <span class='ocrx_word' id='word_1_120' title='bbox 734 2421 926 2494; x_wconf 84' lang='lat' dir='ltr'>cognoverat</span> <span class='ocrx_word' id='word_1_121' title='bbox 941 2411 1061 2494; x_wconf 84' lang='lat' dir='ltr'>Anglia</span> <span class='ocrx_word' id='word_1_122' title='bbox 1075 2423 1178 2489; x_wconf 86' lang='lat' dir='ltr'>natae,</span> 
     </span>
     <span class='ocr_line' id='line_1_21' title="bbox 458 2512 1192 2598; baseline 0.001 -22"><span class='ocrx_word' id='word_1_123' title='bbox 458 2512 600 2598; x_wconf 88' lang='lat' dir='ltr'>Spesqve</span> <span class='ocrx_word' id='word_1_124' title='bbox 614 2513 665 2576; x_wconf 86' lang='lat' dir='ltr'>vel</span> <span class='ocrx_word' id='word_1_125' title='bbox 680 2513 714 2576; x_wconf 88' lang='lat' dir='ltr'>in</span> <span class='ocrx_word' id='word_1_126' title='bbox 729 2514 821 2577; x_wconf 88' lang='lat' dir='ltr'>cunis</span> <span class='ocrx_word' id='word_1_127' title='bbox 836 2536 972 2598; x_wconf 87' lang='lat' dir='ltr'>curaqve</span> <span class='ocrx_word' id='word_1_128' title='bbox 986 2513 1091 2598; x_wconf 87' lang='lat' dir='ltr'>gentis</span> <span class='ocrx_word' id='word_1_129' title='bbox 1106 2537 1192 2577; x_wconf 88' lang='lat' dir='ltr'>eras:</span> 
     </span>
    </p>

    <p class='ocr_par' dir='ltr' id='par_1_12' title="bbox 415 2614 1278 2803">
     <span class='ocr_line' id='line_1_22' title="bbox 415 2614 1155 2701; baseline 0.003 -23"><span class='ocrx_word' id='word_1_130' title='bbox 415 2614 455 2679; x_wconf 90' lang='lat' dir='ltr'>In</span> <span class='ocrx_word' id='word_1_131' title='bbox 469 2616 591 2699; x_wconf 85' lang='lat' dir='ltr'>gremio</span> <span class='ocrx_word' id='word_1_132' title='bbox 605 2615 719 2700; x_wconf 88' lang='lat' dir='ltr'>populi</span> <span class='ocrx_word' id='word_1_133' title='bbox 734 2616 814 2679; x_wconf 93' lang='lat' dir='ltr'>vivit</span> <span class='ocrx_word' id='word_1_134' title='bbox 830 2626 886 2680; x_wconf 89' lang='lat' dir='ltr'>tua</span> <span class='ocrx_word' id='word_1_135' title='bbox 900 2638 1025 2700; x_wconf 84' lang='lat' dir='ltr'>semper</span> <span class='ocrx_word' id='word_1_136' title='bbox 1039 2616 1155 2701; x_wconf 86' lang='lat' dir='ltr'>imago,</span> 
     </span>
     <span class='ocr_line' id='line_1_23' title="bbox 458 2717 1278 2803; baseline -0.001 -19"><span class='ocrx_word' id='word_1_137' title='bbox 458 2717 626 2803; x_wconf 80' lang='lat' dir='ltr'>Qvemqve</span> <span class='ocrx_word' id='word_1_138' title='bbox 642 2717 731 2782; x_wconf 90' lang='lat' dir='ltr'>dedit</span> <span class='ocrx_word' id='word_1_139' title='bbox 745 2741 893 2803; x_wconf 89' lang='lat' dir='ltr'>praesens</span> <span class='ocrx_word' id='word_1_140' title='bbox 907 2719 1020 2798; x_wconf 88' lang='lat' dir='ltr'>forma,</span> <span class='ocrx_word' id='word_1_141' title='bbox 1037 2718 1166 2783; x_wconf 89' lang='lat' dir='ltr'>calescit</span> <span class='ocrx_word' id='word_1_142' title='bbox 1179 2741 1278 2783; x_wconf 90' lang='lat' dir='ltr'>amor.</span> 
     </span>
    </p>

    <p class='ocr_par' dir='ltr' id='par_1_13' title="bbox 418 2819 1232 3008">
     <span class='ocr_line' id='line_1_24' title="bbox 418 2819 1232 2906; baseline 0 -22"><span class='ocrx_word' id='word_1_143' title='bbox 418 2819 475 2884; x_wconf 90' lang='lat' dir='ltr'>Sol</span> <span class='ocrx_word' id='word_1_144' title='bbox 490 2819 591 2883; x_wconf 90' lang='lat' dir='ltr'>veluti</span> <span class='ocrx_word' id='word_1_145' title='bbox 607 2821 710 2898; x_wconf 89' lang='lat' dir='ltr'>terris,</span> <span class='ocrx_word' id='word_1_146' title='bbox 727 2821 850 2905; x_wconf 89' lang='lat' dir='ltr'>eqvitat</span> <span class='ocrx_word' id='word_1_147' title='bbox 865 2842 1074 2906; x_wconf 89' lang='lat' dir='ltr'>qvocumqve,</span> <span class='ocrx_word' id='word_1_148' title='bbox 1090 2822 1232 2906; x_wconf 87' lang='lat' dir='ltr'>vigorem</span> 
     </span>
     <span class='ocr_line' id='line_1_25' title="bbox 459 2922 1157 3008; baseline 0.001 -22"><span class='ocrx_word' id='word_1_149' title='bbox 459 2922 589 3007; x_wconf 87' lang='lat' dir='ltr'>Spargit</span> <span class='ocrx_word' id='word_1_150' title='bbox 603 2924 643 2986; x_wconf 90' lang='lat' dir='ltr'>ab</span> <span class='ocrx_word' id='word_1_151' title='bbox 659 2923 816 2986; x_wconf 88' lang='lat' dir='ltr'>aethereis</span> <span class='ocrx_word' id='word_1_152' title='bbox 830 2923 1048 3008; x_wconf 89' lang='lat' dir='ltr'>laetitiamqve</span> <span class='ocrx_word' id='word_1_153' title='bbox 1061 2924 1157 2987; x_wconf 88' lang='lat' dir='ltr'>rotis:</span> 
     </span>
    </p>

    <p class='ocr_par' dir='ltr' id='par_1_14' title="bbox 416 3024 1221 3211">
     <span class='ocr_line' id='line_1_26' title="bbox 416 3024 1221 3111; baseline 0.002 -24"><span class='ocrx_word' id='word_1_154' title='bbox 416 3024 470 3089; x_wconf 89' lang='lat' dir='ltr'>Sic</span> <span class='ocrx_word' id='word_1_155' title='bbox 486 3047 620 3110; x_wconf 86' lang='lat' dir='ltr'>qvoqve,</span> <span class='ocrx_word' id='word_1_156' title='bbox 638 3047 716 3111; x_wconf 91' lang='lat' dir='ltr'>qvos</span> <span class='ocrx_word' id='word_1_157' title='bbox 730 3025 815 3105; x_wconf 91' lang='lat' dir='ltr'>visit,</span> <span class='ocrx_word' id='word_1_158' title='bbox 832 3027 943 3110; x_wconf 84' lang='lat' dir='ltr'>regina</span> <span class='ocrx_word' id='word_1_159' title='bbox 957 3028 1105 3090; x_wconf 84' lang='lat' dir='ltr'>beaverat</span> <span class='ocrx_word' id='word_1_160' title='bbox 1119 3049 1221 3110; x_wconf 82' lang='lat' dir='ltr'>agros,</span> 
     </span>
     <span class='ocr_line' id='line_1_27' title="bbox 460 3127 1191 3211; baseline 0.003 -20"><span class='ocrx_word' id='word_1_161' title='bbox 460 3127 617 3211; x_wconf 90' lang='lat' dir='ltr'>Passaqve</span> <span class='ocrx_word' id='word_1_162' title='bbox 632 3128 809 3191; x_wconf 88' lang='lat' dir='ltr'>formosum</span> <span class='ocrx_word' id='word_1_163' title='bbox 824 3141 900 3192; x_wconf 92' lang='lat' dir='ltr'>sunt</span> <span class='ocrx_word' id='word_1_164' title='bbox 913 3129 984 3192; x_wconf 86' lang='lat' dir='ltr'>loca</span> <span class='ocrx_word' id='word_1_165' title='bbox 998 3129 1074 3192; x_wconf 92' lang='lat' dir='ltr'>mile</span> <span class='ocrx_word' id='word_1_166' title='bbox 1088 3129 1191 3194; x_wconf 89' lang='lat' dir='ltr'>iubar.</span> 
     </span>
    </p>

    <p class='ocr_par' dir='ltr' id='par_1_15' title="bbox 415 3229 1209 3416">
     <span class='ocr_line' id='line_1_28' title="bbox 415 3229 1209 3316; baseline 0.004 -24"><span class='ocrx_word' id='word_1_167' title='bbox 415 3229 479 3292; x_wconf 88' lang='lat' dir='ltr'>Ars</span> <span class='ocrx_word' id='word_1_168' title='bbox 494 3229 640 3313; x_wconf 87' lang='lat' dir='ltr'>neglecta</span> <span class='ocrx_word' id='word_1_169' title='bbox 654 3231 710 3294; x_wconf 92' lang='lat' dir='ltr'>diu</span> <span class='ocrx_word' id='word_1_170' title='bbox 725 3231 908 3296; x_wconf 90' lang='lat' dir='ltr'>venientem</span> <span class='ocrx_word' id='word_1_171' title='bbox 922 3232 1052 3316; x_wconf 86' lang='lat' dir='ltr'>agnovit</span> <span class='ocrx_word' id='word_1_172' title='bbox 1065 3233 1209 3311; x_wconf 87' lang='lat' dir='ltr'>amicam,</span> 
     </span>
     <span class='ocr_line' id='line_1_29' title="bbox 457 3330 1143 3416; baseline 0.007 -23"><span class='ocrx_word' id='word_1_173' title='bbox 457 3330 505 3394; x_wconf 90' lang='lat' dir='ltr'>Et</span> <span class='ocrx_word' id='word_1_174' title='bbox 517 3331 583 3394; x_wconf 88' lang='lat' dir='ltr'>fuit</span> <span class='ocrx_word' id='word_1_175' title='bbox 595 3332 630 3394; x_wconf 90' lang='lat' dir='ltr'>in</span> <span class='ocrx_word' id='word_1_176' title='bbox 642 3335 757 3416; x_wconf 87' lang='lat' dir='ltr'>pretio,</span> <span class='ocrx_word' id='word_1_177' title='bbox 774 3335 921 3398; x_wconf 87' lang='lat' dir='ltr'>sordidus</span> <span class='ocrx_word' id='word_1_178' title='bbox 935 3345 1018 3412; x_wconf 87' lang='lat' dir='ltr'>ante,</span> <span class='ocrx_word' id='word_1_179' title='bbox 1035 3335 1143 3398; x_wconf 89' lang='lat' dir='ltr'>labor:</span> 
     </span>
    </p>

    <p class='ocr_par' dir='ltr' id='par_1_16' title="bbox 417 3430 1223 3626">
     <span class='ocr_line' id='line_1_30' title="bbox 417 3430 1223 3523; baseline 0.009 -28"><span class='ocrx_word' id='word_1_180' title='bbox 417 3430 593 3518; x_wconf 89' lang='lat' dir='ltr'>Spretaqve</span> <span class='ocrx_word' id='word_1_181' title='bbox 607 3444 776 3518; x_wconf 88' lang='lat' dir='ltr'>patronam</span> <span class='ocrx_word' id='word_1_182' title='bbox 790 3436 918 3501; x_wconf 86' lang='lat' dir='ltr'>facilem</span> <span class='ocrx_word' id='word_1_183' title='bbox 934 3437 1078 3501; x_wconf 89' lang='lat' dir='ltr'>doctrina</span> <span class='ocrx_word' id='word_1_184' title='bbox 1091 3439 1223 3523; x_wconf 89' lang='lat' dir='ltr'>recepit,</span> 
     </span>
     <span class='ocr_line' id='line_1_31' title="bbox 460 3535 1176 3626; baseline 0.01 -29"><span class='ocrx_word' id='word_1_185' title='bbox 460 3535 612 3621; x_wconf 89' lang='lat' dir='ltr'>Ausaqve</span> <span class='ocrx_word' id='word_1_186' title='bbox 627 3537 813 3623; x_wconf 88' lang='lat' dir='ltr'>despectum</span> <span class='ocrx_word' id='word_1_187' title='bbox 829 3540 942 3604; x_wconf 90' lang='lat' dir='ltr'>tollere</span> <span class='ocrx_word' id='word_1_188' title='bbox 958 3540 1056 3604; x_wconf 83' lang='lat' dir='ltr'>Musa</span> <span class='ocrx_word' id='word_1_189' title='bbox 1069 3551 1176 3626; x_wconf 91' lang='lat' dir='ltr'>caput.</span> 
     </span>
    </p>
   </div>
   <div class='ocr_carea' id='block_1_3' title="bbox 416 3635 1290 4034">
    <p class='ocr_par' dir='ltr' id='par_1_17' title="bbox 416 3635 1158 3828">
     <span class='ocr_line' id='line_1_32' title="bbox 416 3635 1158 3726; baseline 0.009 -27"><span class='ocrx_word' id='word_1_190' title='bbox 416 3635 511 3700; x_wconf 90' lang='lat' dir='ltr'>Illius</span> <span class='ocrx_word' id='word_1_191' title='bbox 526 3648 559 3701; x_wconf 89' lang='lat' dir='ltr'>et</span> <span class='ocrx_word' id='word_1_192' title='bbox 573 3649 713 3703; x_wconf 88' lang='lat' dir='ltr'>nostram</span> <span class='ocrx_word' id='word_1_193' title='bbox 729 3642 911 3726; x_wconf 89' lang='lat' dir='ltr'>penetravit</span> <span class='ocrx_word' id='word_1_194' title='bbox 924 3643 1027 3726; x_wconf 83' lang='lat' dir='ltr'>gratia</span> <span class='ocrx_word' id='word_1_195' title='bbox 1041 3643 1158 3721; x_wconf 90' lang='lat' dir='ltr'>sedem,</span> 
     </span>
     <span class='ocr_line' id='line_1_33' title="bbox 461 3737 1057 3828; baseline 0.01 -28"><span class='ocrx_word' id='word_1_196' title='bbox 461 3737 635 3824; x_wconf 90' lang='lat' dir='ltr'>Pressaqve</span> <span class='ocrx_word' id='word_1_197' title='bbox 649 3741 749 3824; x_wconf 87' lang='lat' dir='ltr'>regali</span> <span class='ocrx_word' id='word_1_198' title='bbox 763 3743 851 3827; x_wconf 88' lang='lat' dir='ltr'>regia</span> <span class='ocrx_word' id='word_1_199' title='bbox 866 3753 951 3808; x_wconf 85' lang='lat' dir='ltr'>tecta</span> <span class='ocrx_word' id='word_1_200' title='bbox 964 3744 1057 3828; x_wconf 90' lang='lat' dir='ltr'>pede.</span> 
     </span>
    </p>

    <p class='ocr_par' dir='ltr' id='par_1_18' title="bbox 418 3839 1290 4034">
     <span class='ocr_line' id='line_1_34' title="bbox 418 3839 1290 3929; baseline 0.011 -27"><span class='ocrx_word' id='word_1_201' title='bbox 418 3839 598 3918; x_wconf 89' lang='lat' dir='ltr'>Personuit,</span> <span class='ocrx_word' id='word_1_202' title='bbox 615 3842 755 3922; x_wconf 88' lang='lat' dir='ltr'>memini,</span> <span class='ocrx_word' id='word_1_203' title='bbox 773 3855 806 3908; x_wconf 93' lang='lat' dir='ltr'>et</span> <span class='ocrx_word' id='word_1_204' title='bbox 821 3867 947 3929; x_wconf 90' lang='lat' dir='ltr'>semper</span> <span class='ocrx_word' id='word_1_205' title='bbox 961 3847 1142 3910; x_wconf 87' lang='lat' dir='ltr'>meminisse</span> <span class='ocrx_word' id='word_1_206' title='bbox 1157 3846 1290 3926; x_wconf 87' lang='lat' dir='ltr'>iuvabit,</span> 
     </span>
     <span class='ocr_line' id='line_1_35' title="bbox 462 3939 1159 4034; baseline 0.014 -31"><span class='ocrx_word' id='word_1_207' title='bbox 462 3939 633 4007; x_wconf 90' lang='lat' dir='ltr'>Personuit</span> <span class='ocrx_word' id='word_1_208' title='bbox 646 3943 732 4009; x_wconf 89' lang='lat' dir='ltr'>laeto</span> <span class='ocrx_word' id='word_1_209' title='bbox 747 3969 863 4032; x_wconf 87' lang='lat' dir='ltr'>rusqve</span> <span class='ocrx_word' id='word_1_210' title='bbox 877 3948 1046 4034; x_wconf 86' lang='lat' dir='ltr'>forumqve</span> <span class='ocrx_word' id='word_1_211' title='bbox 1060 3971 1159 4027; x_wconf 80' lang='lat' dir='ltr'>son03</span> 
     </span>
    </p>
   </div>
   <div class='ocr_carea' id='block_1_4' title="bbox 0 0 1640 4692">
    <p class='ocr_par' dir='ltr' id='par_1_19' title="bbox 0 0 1640 4692">
     <span class='ocr_line' id='line_1_36' title="bbox 0 0 1640 4692; baseline 0 0"><span class='ocrx_word' id='word_1_212' title='bbox 0 0 1640 4692; x_wconf 95' lang='lat' dir='ltr'> </span> 
     </span>
    </p>
   </div>
  </div>
 </body>
</html>
