3250 4692
565 440 747 491 SABRINAE
766 440 942 490 cortoLLA.

675 739 830 813 Alauda.

381 920 411 985 Ο
427 944 517 1006 qvae,
534 921 674 984 iocosum
690 943 820 999 numen,
836 921 877 984 ab
891 921 1005 985 intimo

276 1084 295 1109 ,
379 1025 470 1108 (Vox
485 1047 620 1109 namque
635 1024 803 1088 mortalem
817 1025 903 1088 haud
918 1035 1011 1088 sonat
1025 1024 1147 1107 alitem)

445 1128 517 1190 Aut
531 1126 647 1210 hospes
662 1136 720 1189 aut
734 1126 839 1190 vicina
854 1126 934 1189 caeli

509 1228 644 1292 Pectore
659 1226 706 1291 nil
720 1226 875 1291 meditata
888 1227 993 1311 largos

382 1381 505 1446 Fundis
520 1403 668 1460 canores3
694 1403 733 1444 en
749 1380 901 1463 magisne
916 1380 1016 1464 magis

381 1484 478 1548 Elata
493 1496 611 1547 terram
627 1483 756 1563 deseris,
773 1483 885 1567 igneae

445 1586 510 1651 Par
523 1585 629 1664 nubis,
645 1585 874 1670 adscendisqve
889 1607 1015 1670 semper

511 1688 683 1754 Caeruleos
697 1690 844 1774 fugiente
858 1711 966 1773 penna

380 1849 533 1930 Tractus3
552 1873 656 1937 neqve
672 1873 811 1937 unquam
827 1874 957 1936 surgere
973 1851 1093 1915 desinis

382 1951 472 2017 Inter
487 1954 675 2031 canendum,
692 1976 751 2018 nec
766 1954 851 2018 celer
864 1954 1001 2040 impedit

445 2056 582 2120 Carmen
595 2056 731 2122 volatus·
777 2056 841 2135 Tu,
856 2058 962 2121 cubile

510 2159 586 2223 Sole
601 2161 661 2224 sub
677 2159 874 2246 Hesperium
891 2161 1025 2225 cadente

382 2312 525 2397 Coepere
540 2334 636 2398 qvom
651 2312 714 2377 iam
729 2313 843 2377 nubila
857 2314 975 2397 tingier

379 2414 469 2479 Luce
484 2415 646 2495 insolenti,
661 2438 720 2500 per
734 2417 829 2481 iubar
842 2440 977 2481 aureum

444 2516 498 2581 Tu
512 2516 598 2581 ludis
613 2518 797 2582 exsultante
812 2519 917 2604 lapsu,

511 2618 564 2683 Tu
580 2617 688 2682 finitas
703 2619 792 2684 velut
806 2621 922 2684 umbra
935 2620 1063 2685 iamiam

378 2766 493 2831 Exuta
506 2767 592 2851 pigri
607 2766 735 2831 vincula
750 2768 901 2853 corporis,

381 2870 518 2936 Cursum
533 2870 720 2934 institutum
735 2893 863 2935 currere
876 2871 1034 2955 gestiens:

444 2972 492 3036 Te
507 2993 620 3056 vesper
634 2994 674 3035 en
686 2972 810 3057 pallens
826 2974 945 3037 amictu

511 3077 682 3164 Purpureo
697 3078 779 3164 tegit
793 3078 983 3144 avolantem.

380 3230 450 3296 Ceu
464 3229 566 3309 stella,
583 3231 668 3296 fallis
682 3254 739 3317 per
753 3232 910 3317 liquidum
925 3231 1066 3310 aethera,

381 3333 487 3400 Qvom
502 3333 562 3398 lux
578 3334 641 3399 diei
655 3336 752 3422 plena
764 3335 959 3415 refunditur,

444 3436 560 3502 Visum
572 3463 580 3515 3
605 3438 661 3501 sed
675 3448 807 3523 argutae
822 3438 947 3523 lepores

507 3542 599 3606 Aure
614 3541 692 3606 bibo
708 3542 837 3606 sitiente
852 3544 948 3609 vocis.

380 3695 564 3777 Argenteae
579 3694 624 3758 sie
638 3694 761 3779 spicula
776 3694 935 3780 Cynthiae

383 3796 545 3861 Scindunt
557 3796 659 3861 acutis
673 3796 803 3861 ictubus
817 3819 908 3875 aera3

447 3899 513 3964 Sed
527 3898 628 3983 pallet
642 3899 790 3963 Aurorae
805 3899 866 3964 sub
880 3899 954 3963 alba

510 4001 629 4067 Vivida
643 4001 700 4066 fax
716 4012 848 4066 tenuata
861 4002 952 4080 luce3

747 4124 769 4167 n

1208 444 1253 491 tul
