3250 4692
557 408 741 460 SABRINAE
760 405 935 457 COROLLA.
1202 402 1250 453 ‘29³

491 737 564 812 The
581 738 652 811 lost
670 734 767 811 Rose
785 735 828 833 of
840 734 1009 809 Summer.

334 902 490 968 Ultumus
504 902 624 966 aestiva
639 911 822 965 tenerorum
837 923 854 964 e
868 910 965 984 gente
979 921 1122 964 rosarum

377 1005 453 1069 Flos
468 1003 620 1068 desolatis
635 1003 755 1067 eminet
768 1002 825 1067 ille
841 1003 950 1069 cornis.

335 1106 460 1171 Lucida
475 1106 515 1170 de
530 1115 599 1169 toto
615 1104 735 1168 circum
749 1104 867 1169 vicinia
880 1113 973 1190 prato

377 1208 513 1288 Vanuit,
526 1230 563 1271 ac
577 1206 681 1272 sociae
697 1206 862 1291 deperiere
876 1228 965 1271 rosae
980 1232 987 1271 :

338 1310 415 1376 Non
430 1311 555 1375 adstare
569 1309 639 1396 pari
654 1321 830 1374 cernuntur
845 1310 967 1394 origine
983 1310 1087 1389 flores,

380 1414 457 1477 Non
471 1413 722 1497 consanguineus
735 1421 868 1499 propter
882 1413 970 1476 hiare
986 1411 1091 1497 calyx,

337 1517 403 1585 Qvi
417 1517 591 1602 suspiranti
604 1516 724 1580 referat
737 1516 884 1602 suspirie,
901 1514 1015 1600 cuiqve

380 1618 520 1682 Mutuus
533 1618 568 1681 in
583 1618 722 1682 tremulo
735 1617 843 1683 luceat
857 1640 913 1682 ore
928 1618 1037 1681 rubor.

337 1720 415 1785 Non
430 1742 490 1805 ego
506 1733 538 1785 te
552 1721 667 1806 patiar,
685 1720 819 1799 deserta,
836 1742 999 1784 senescere
1014 1718 1124 1798 solam,

382 1822 453 1888 Nec
468 1822 594 1887 trahere
609 1823 644 1886 in
657 1846 758 1888 vacuo
774 1822 881 1887 taedia
894 1822 990 1906 longa
1003 1822 1103 1886 rubo:

338 1924 603 2010 Qvandoqvidem
613 1926 686 1991 data
700 1925 977 2011 suntpulcerrima
987 1947 1127 2011 qvasqve
1137 1926 1254 2011 sopori,

383 2027 436 2092 Tu
451 2050 575 2114 qvoqve
590 2028 704 2114 sopitis
717 2029 926 2093 adnumerere
940 2027 1031 2092 rosis.

337 2128 411 2193 Nec
425 2152 525 2208 mora,
541 2128 687 2216 lapsuras
700 2151 760 2215 per
773 2140 894 2194 maesta
908 2127 1028 2193 cubilis
1041 2128 1171 2193 frondes

382 2232 459 2295 Non
473 2231 658 2298 inclementi
673 2234 852 2319 spargimus
865 2254 937 2297 ecce
951 2254 1060 2310 manu,

338 2333 411 2402 Qva
424 2334 488 2399 iem
502 2336 678 2420 purpureis
692 2336 832 2400 animam
848 2334 1011 2399 exhalavit
1023 2334 1058 2398 in
1072 2334 1174 2401 hortis

384 2435 447 2500 llle
460 2436 602 2501 sodalitii
616 2460 695 2522 gens
709 2438 844 2502 inodora
858 2437 917 2501 tui·
1073 2424 1078 2441 ¹

897 2558 937 2614 H.
952 2558 986 2615 Τ.
1001 2556 1049 2635 (ec
1062 2556 1199 2636 Moonro.)

672 2686 832 2696 ——

590 2862 778 2937 Meritum
800 2862 921 2963 Virgo.

384 3042 514 3107 Tsxum
529 3042 662 3106 sternite
676 3042 858 3127 lugubrem,

429 3144 506 3210 Huc
520 3168 576 3209 vos
589 3145 624 3208 in
639 3144 766 3209 tumulo
781 3145 925 3224 sternite,
941 3145 1090 3231 virgines,

384 3246 432 3311 Et
445 3247 596 3332 glaucum
611 3247 716 3313 salicis
731 3246 848 3325 decus;

429 3336 617 3436 Intactaqve
631 3352 714 3415 mori
729 3350 826 3416 dicite
841 3374 892 3415 me
906 3350 981 3418 fide.

388 3555 441 3620 Tu
455 3555 556 3620 fallax
571 3556 688 3635 fueras,
704 3578 804 3641 puer,

431 3658 513 3722 Fido
526 3656 699 3723 Leuconoe
714 3668 846 3743 pectore
860 3658 991 3725 vixero:

387 3759 510 3837 Tellus,
525 3760 637 3845 adcipe
652 3760 777 3840 leniter,

431 3863 478 3927 Et
492 3864 621 3950 pondus
634 3864 732 3929 cineri
747 3864 797 3929 fac
811 3862 880 3927 leve
895 3864 937 3928 sis
952 3888 1035 3931 meo.

804 3986 842 4043 Η.
857 3986 885 4044 J.
902 3987 934 4044 T.
950 3986 997 4066 (ec
1011 3986 1203 4065 Frrronsno.)
