3250 4692
378 425 426 477 29⁶

693 424 877 474 SABRINAE
896 424 1070 475 COROLLA.

533 796 569 873 0
589 798 745 887 Nonnie,
762 801 838 875 wilt
853 803 937 876 tlon
950 828 1055 903 gang
1070 802 1130 876 ni'
1147 807 1234 876 me?

510 975 588 1040 Vin’
602 988 650 1055 tu,
666 976 794 1056 Lesbis,
810 977 987 1062 demigrare
1001 999 1138 1057 mecum,

510 1077 618 1143 Lauta
631 1080 743 1144 cedere
756 1102 816 1144 nec
830 1080 956 1167 pigebit
968 1080 1074 1144 urbe?

511 1180 567 1243 An
581 1192 718 1265 possunt
731 1181 847 1245 tacitae
861 1181 987 1267 placere
1001 1180 1099 1246 valles

509 1280 557 1345 Et
569 1304 692 1369 pauper
706 1306 779 1347 cass
792 1284 986 1368 crassiorque
1001 1282 1112 1368 palla?

511 1382 590 1448 Non
604 1385 798 1471 bombycina
811 1408 921 1449 rursus
935 1386 1088 1463 indueris,

510 1486 589 1551 Non
601 1487 815 1574 pellucidulas
828 1488 967 1574 superba
979 1510 1131 1572 gemmas,

512 1588 578 1653 Sed
592 1612 706 1674 regum
719 1590 826 1675 fugies
840 1613 978 1675 opesqvc
993 1601 1028 1653 et
1041 1589 1139 1667 aulas,

511 1690 584 1759 Qva
597 1702 636 1758 m
648 1692 708 1757 flos
721 1692 829 1759 fueras
842 1693 1086 1757 venustiorum?

511 1862 583 1928 Nec
598 1887 702 1951 qvom,
717 1864 846 1946 Lesbis,
862 1865 994 1951 fugeris,
1009 1865 1174 1931 medentes

512 1966 663 2052 Unqvam
677 1967 802 2031 reiicies
816 1990 913 2033 avens
927 1967 1068 2035 ocellos?

511 2068 603 2134 Haec
616 2070 706 2135 frons
718 2070 896 2137 inmodicos
909 2071 1034 2135 fetetne
1048 2072 1130 2137 soles

511 2173 558 2237 Et
571 2196 696 2239 morsus
711 2174 855 2239 hiemum
870 2175 1088 2240 severiorum?

511 2275 603 2341 Haec
618 2276 715 2342 duros
728 2278 838 2343 scierit
851 2279 920 2363 pati
934 2278 1060 2343 labores

511 2377 593 2443 Tam
606 2378 730 2443 mellita
743 2379 858 2464 figura,
875 2391 940 2444 tarn
957 2381 1084 2461 tenella,

513 2480 584 2546 Nec
598 2504 679 2546 vano
694 2493 822 2567 repetet
836 2483 946 2549 dolore
960 2484 1051 2549 sedes

512 2583 587 2652 Qvo
601 2595 638 2648 tn
652 2584 712 2650 flos
726 2584 835 2650 fueras
848 2587 1092 2653 venustiorrun?

511 2756 567 2822 An
581 2756 636 2836 sic,
651 2756 779 2835 Lesbia,
795 2780 892 2837 amns,
909 2768 947 2823 ut
960 2781 1053 2823 omne
1068 2781 1194 2823 mecum

512 2858 672 2943 Adjutrix
687 2858 784 2924 obess
798 2861 914 2925 lubens
928 2861 1094 2947 periclum,

512 2961 572 3041 Ut,
590 2961 741 3048 qvidqvid
755 2962 882 3027 dederit
896 2964 976 3028 deus
988 2965 1157 3044 melorum,

512 3062 564 3127 Tu
579 3062 763 3128 solatiolum
776 3064 860 3129 feras
875 3065 1021 3131 dolenti?

512 3167 638 3251 Aegros
653 3178 731 3231 tune
745 3167 805 3231 viri
820 3168 1034 3234 febricitantis

512 3268 661 3352 Angores
675 3269 820 3334 studiosa
833 3270 1006 3355 mitigabis,

512 3369 584 3435 Nec
596 3370 723 3455 liquisse
738 3370 854 3435 hilares
868 3372 994 3457 pigebit
1009 3372 1107 3451 aulas,

512 3474 586 3540 Qua
599 3483 638 3537 tu
653 3473 832 3568 flosfueras
845 3476 1089 3540 venustiorum?

511 3644 618 3713 Quom
633 3667 719 3710 mors
733 3645 895 3732 obprimct
907 3645 1059 3732 ingruens
1073 3657 1243 3729 amantem,

511 3746 565 3812 Tu
577 3747 676 3812 labris
688 3748 827 3813 animam
841 3749 928 3834 leges
941 3750 1099 3837 fugacem,

511 3849 616 3929 Tune,
633 3872 760 3915 omnem
774 3853 931 3936 gemitum
943 3876 1101 3937 premens,
1117 3878 1229 3921 sereno

512 3951 687 4017 Pulvinum
702 3954 899 4019 exlulerabis
913 3955 998 4020 alma
1011 3957 1102 4021 risu?
