3250 4692
593 450 775 501 SABRINAE
794 452 969 502 COROLLA.
1237 456 1282 505 131

365 621 395 686 0
410 622 585 686 animamm
601 621 761 706 adscripta
775 621 883 700 choro,
900 622 1018 687 dilecta
1033 621 1150 703 Maria,

408 725 469 789 Illa
483 725 607 802 domus,
623 723 705 787 felix
721 746 781 808 qva
796 724 976 809 reqviescis,
993 725 1049 788 ubi
1065 727 1138 789 est?

366 826 599 912 Contemplaris
613 825 704 889 humi
718 836 915 911 prostratum
928 828 963 890 in
977 827 1120 911 pulvere,
1137 838 1170 890 et
1184 828 1275 891 audis

411 931 539 998 Qvanto
554 952 588 993 se
602 930 728 1013 gemitu
742 940 893 1014 torqueat
907 930 995 994 intus
1010 931 1141 993 amans?

1134 1028 1172 1085 H.
1188 1028 1221 1085 T.

575 1197 760 1272 Ροίιίαυυι
780 1198 980 1272 Ιίεάῖυῖυυς.

280 1350 381 1416 ΦΑΛ.
410 1345 455 1412 Τὸ
472 1344 499 1411 δ’
516 1344 631 1429 ἔντερα
645 1344 737 1427 τάμά
751 1347 785 1409 σ”
801 1344 937 1427 ἐξελεῖν·
963 1342 1020 1410 ἐὰν
1033 1345 1095 1427 μὲν
1109 1345 1165 1412 οὖν

410 1448 483 1537 τῷδ’
500 1449 534 1515 ἐν
549 1448 628 1535 φάει
642 1446 753 1531 ’ξελῇς
768 1453 847 1534 σφε,
861 1446 1020 1513 τάπιόντι
1033 1472 1077 1529 με

407 1550 539 1638 τεμάχη
555 1549 707 1631 ποιήσεις
718 1550 843 1629 λεπτά,
860 1549 916 1614 καῖ
930 1548 1064 1614 κατεδεῖ
1075 1574 1115 1632 γε
1129 1549 1223 1636 πρός.

407 1655 456 1738 μά
470 1652 527 1719 Δί’
543 1654 623 1719 ἀλλ’
641 1649 787 1736 ἐνόμιζον
801 1653 862 1718 οὐκ
877 1652 949 1723 ἔτος
963 1656 1140 1739 φενακιεῖν,

409 1758 441 1823 εί
452 1756 487 1840 μ’
504 1754 619 1823 οὑτοσὶ
635 1754 838 1843 θερμουργὸς
852 1754 967 1842 ἀγριος
981 1754 1114 1835 Σκύθης

409 1860 529 1926 δώσειν
544 1858 686 1941 ἔμελλεν
701 1858 740 1923 οὐ
756 1858 836 1945 τάχ’
851 1856 931 1921 ἀλλ’
946 1856 1008 1938 ἤδη
1024 1854 1147 1943 σκότῳ.

407 1967 504 2028 ποῖον
519 1958 713 2048 φενάκισμ’;
738 1960 857 2045 οὐγὰρ
872 1959 967 2025 ἀλλά
981 1959 1161 2046 ψεύδομαι·

410 2065 449 2130 οὐ
464 2061 532 2145 δῆτ’
549 2060 729 2150 ἐφενάκισ’·
754 2062 828 2127 ἐστὶ
842 2063 908 2149 γὰρ
925 2063 1104 2148 φενακίσαι

409 2166 448 2233 τὸ
465 2166 583 2232 θανεῖν·
608 2164 705 2253 ὁγὰρ
720 2163 794 2247 μηδ’
812 2165 961 2248 ἐμπνέων
975 2164 1200 2252 ἀνθρωπίνως,

408 2267 541 2356 μορφὴν
556 2266 677 2338 ὑποδὺς
692 2267 912 2354 ἀνθρωπίνην,
929 2266 980 2333 ὁδὶ
996 2268 1110 2354 φέναξ.

409 2370 427 2435 ὁ
443 2368 470 2435 δ’
488 2372 531 2441 ὡς
547 2368 653 2437 θανὼν
668 2369 864 2456 φενακίσας,
881 2371 915 2435 έν
929 2368 1010 2456 τῷδε
1026 2369 1061 2435 δὲ

414 2475 485 2554 ζῶν,
502 2473 562 2537 οὐκ
578 2471 749 2557 ἐφενάκισ’
767 2470 874 2552 οὗτος,
890 2470 984 2536 ἀλλά
1000 2474 1061 2551 ζῶν
1076 2475 1168 2559 κυρεῖ

410 2578 601 2664 πάμψυχος
614 2572 676 2657 ἤδη
692 2572 807 2640 κούδὲν
823 2572 1056 2658 ἐξῃκασμένος.

411 2682 471 2745 τοῦ
484 2677 550 2764 γὰρ
567 2676 711 2763 θράσους
726 2679 827 2742 πλεῖν
839 2675 979 2758 ἡμίσους
993 2674 1032 2741 τδ
1048 2679 1241 2763 σωφρονεῖν·

411 2777 516 2865 τούτῳ
533 2776 560 2843 δ’
576 2776 642 2860 ἐγὼ
656 2780 712 2843 νῦν
727 2777 765 2843 οὐ
781 2777 923 2859 τέθνηκα
939 2776 1087 2860 θὴμίσει.

413 2884 504 2965 οἴμοι
518 2882 635 2951 τάλας·
661 2881 704 2951 ὡς
719 2879 811 2947 τόνδε
827 2879 883 2946 καὶ
899 2878 1028 2948 θανόνθ’
1043 2880 1132 2962 ὅμως

412 2980 734 3072 βροντησικέραυνον
748 2982 888 3070 Περσέα
904 2981 1017 3053 δείσας
1032 2982 1112 3070 ἔχω.

416 3089 489 3154 ἴσον
502 3088 568 3174 γὰρ
584 3084 678 3157 οὗτος
694 3084 724 3151 εἰ
738 3086 922 3169 φενακίζων
936 3084 1045 3175 τύχοι,

413 3190 477 3275 ἐγὼ
493 3190 529 3257 τί
540 3188 704 3274 γενοίμην,
722 3188 808 3256 τοῦδ’
824 3190 1029 3259 ἀναστάντος
1044 3190 1167 3269 πάλιν;

412 3292 539 3373 δέδοικ’,
555 3294 689 3376 ἄμεινον
701 3295 748 3376 μὴ
767 3293 950 3380 φενακίσας
965 3298 1068 3379 κυροῖ.

412 3396 483 3485 φέρ’
499 3397 555 3464 οὖν
570 3397 680 3465 ἀνύσω
697 3422 756 3479 νιν,
773 3397 830 3462 καὶ
845 3396 1023 3479 κατομόσω
1040 3395 1096 3460 καὶ
1111 3399 1249 3462 κτανεῖν.

412 3504 484 3571 πῶς
500 3501 537 3583 ἐξ
552 3502 628 3566 ίσου
642 3500 707 3588 γὰρ
723 3500 783 3567 οὐκ
798 3500 840 3566 ἂν
854 3498 995 3580 άνσταίη
1010 3498 1042 3583 γ’
1059 3497 1151 3581 ἐμοί;

413 3602 506 3669 οὐδέν
519 3602 554 3685 μ’
571 3601 706 3691 ἐλέγχει
720 3608 810 3685 πλῆν
824 3601 862 3669 τδ
878 3601 1089 3690 καθορᾶσθαι
1103 3601 1212 3684 μόνον·

412 3707 450 3772 τὸ
467 3705 494 3771 δ’
510 3704 548 3771 οὐ
564 3705 719 3794 πάρεστι·
743 3710 930 3794 τοιγαροῦν,
947 3704 973 3771 ὦ
988 3708 1060 3786 τάν,
1077 3702 1165 3791 ἔχων

412 3808 495 3896 πρὸς
509 3812 579 3880 τοῖς
593 3813 753 3881 παλαιοῖς
768 3808 870 3880 ἕλκος
885 3809 919 3877 ἐν
932 3810 1027 3896 μηρφ
1042 3806 1124 3889 νέον,

419 3912 472 3979 ὧδ’
488 3911 528 3979 ἀν
541 3912 691 3993 βαδίζοις
707 3910 842 3996 ἐξόδους
857 3912 968 3984 κοινὰς
984 3910 1068 3995 ἐμοί.

1153 3996 1181 4053 J.
1196 3996 1231 4052 R.
