3250 4692
566 404 750 454 SABRINAE
768 405 947 456 COROLLA.

571 704 750 801 Prospero
769 703 932 799 loquitur.

296 881 365 946 Vos
379 879 573 965 colliumqve
587 880 822 965 fluminumqve
836 880 998 964 praesides

295 983 538 1069 Nemorumqve
552 983 735 1068 Nymphae,
753 1005 895 1068 qvaeqve
911 981 1079 1057 celebratis
1092 980 1191 1059 lacus,

293 1084 341 1148 Et
354 1108 421 1164 vos,
437 1086 582 1162 choreae,
599 1107 679 1168 qvae
694 1084 824 1148 volante
839 1084 935 1147 litora

294 1188 365 1252 Vix
380 1210 505 1251 summa
517 1187 629 1272 planta
642 1186 765 1263 raditis,
783 1186 969 1269 Neptunios

293 1289 430 1354 Fluctus
443 1300 596 1375 seqvutae
610 1311 695 1353 nunc
707 1289 886 1353 recedentis
900 1288 968 1366 sali,

295 1391 393 1456 Nunc
407 1392 524 1477 agilem
538 1392 579 1455 ab
595 1392 770 1455 adcedente
785 1412 954 1454 conversae
968 1388 1095 1473 pedem,

294 1495 430 1574 Valete;
454 1517 581 1580 vosqve,
598 1516 696 1579 parva
708 1494 867 1558 larvarum
883 1492 1006 1570 cohors,

295 1598 523 1682 stecumqve
537 1597 644 1661 facitis
660 1594 795 1660 circulos
809 1594 960 1659 mutabili

294 1700 322 1764 F
323 1699 455 1783 ulgenbe
470 1698 557 1775 luna,
575 1720 636 1783 qva
649 1698 763 1761 nociva
775 1698 930 1781 gramina,

295 1801 461 1887 Acidaqvo
475 1823 599 1865 morsus
611 1800 774 1864 abstinent
788 1800 888 1863 humo
902 1821 1034 1883 greges:

294 1906 485 1990 Fungosqve
500 1904 527 1967 si
542 1926 618 1989 qvas
632 1915 728 1967 nocte
742 1902 897 1967 sublustri
911 1904 1001 1966 iuvat

294 2008 462 2093 Sparsisse,
478 2007 658 2091 ferreasqve
674 2029 846 2090 campanae
861 2005 963 2069 minas

295 2110 420 2174 Audire
434 2110 540 2195 primo
555 2131 705 2195 vesperae
721 2107 929 2195 crepusculo:

295 2212 422 2279 Qvibus
435 2212 626 2296 potentibus
641 2212 769 2296 qvidem
783 2210 891 2295 parvis
905 2208 982 2273 lieet

294 2314 382 2378 Usus
397 2313 557 2397 magistris
571 2335 706 2376 aureum
721 2312 796 2377 solis
810 2312 905 2376 iubar

296 2415 478 2500 Caliginosa
490 2437 586 2499 saepe
600 2424 695 2478 nocte
710 2414 859 2491 condidi;

293 2517 340 2581 Et
355 2517 484 2581 evocavi
498 2516 666 2580 flaminum
682 2515 882 2592 discordiam,

294 2620 447 2704 Interqve
462 2619 613 2705 pelagum
629 2628 663 2682 et
676 2628 806 2682 arcuata
820 2618 924 2681 sidera

295 2721 417 2786 Audax
432 2720 633 2786 tumultuosa
646 2720 733 2784 bella
746 2720 880 2798 miscui3

294 2824 341 2888 Et
354 2824 388 2888 in
403 2823 579 2888 verendum
592 2823 693 2887 robur
706 2823 828 2887 aeterni
843 2822 930 2887 Iovis

295 2925 444 2991 Trisulca
457 2925 535 2990 torsi
551 2925 617 2989 tela
632 2936 666 2989 et
677 2926 766 3010 ignes
779 2925 899 3009 ipsius3

295 3029 343 3093 Et
356 3050 443 3093 nunc
457 3028 568 3093 revelli
582 3028 713 3114 rupium
728 3028 926 3108 fundamina,

295 3130 393 3195 Nunc
408 3141 442 3195 et
456 3151 623 3217 cupressus
637 3140 732 3215 atqve
745 3130 843 3214 pinus
858 3144 964 3195 erutas

295 3234 400 3312 Verti,
417 3233 544 3318 suisqve
559 3234 598 3297 de
613 3233 767 3319 sepulcris
781 3244 925 3297 mortuos

296 3334 385 3400 Olim
400 3335 480 3399 cievi
494 3336 652 3399 cantubus
666 3335 789 3399 vinctos
803 3336 901 3401 meis:

296 3437 366 3503 Vos
380 3448 475 3522 atqve
490 3436 606 3521 magici
621 3436 775 3522 qvidqvid
790 3448 840 3501 est
855 3458 987 3523 usqvam
1003 3438 1069 3503 doli

296 3540 433 3605 Valete:
457 3540 521 3604 iam
537 3539 653 3603 tellure
669 3540 790 3624 virgam
804 3540 886 3604 hanc
902 3542 1034 3606 obruam

298 3642 457 3719 Fractum,
474 3642 615 3706 scelestis
630 3641 726 3705 altius
740 3642 913 3727 ligonibus,

297 3741 345 3806 Et
358 3765 446 3806 sacra
459 3742 494 3806 in
509 3743 611 3807 undas
626 3744 754 3827 exigam
768 3744 933 3809 volumina

298 3844 368 3908 Sub
382 3844 509 3909 intumo
524 3844 656 3909 celando
670 3845 818 3931 Neptuni
833 3868 941 3931 specu.

838 3968 875 4023 A.
891 3968 923 4023 L.
939 3968 987 4046 (ec
1002 3968 1200 4048 Srmrsrrmo.)
