3250 4692
560 432 743 483 SABRINAE
761 431 937 481 COROLLA.

568 813 758 889 Corinthus
776 814 924 887 obsesso.

292 1028 360 1094 lam
375 1029 497 1093 medios
511 1050 577 1092 nox
592 1039 688 1113 urget
702 1050 808 1113 eqvos,
826 1040 860 1091 et
875 1050 973 1113 opaca
986 1026 1137 1110 iugorum

335 1132 483 1217 Despicit
498 1154 515 1195 e
530 1132 651 1216 liqvido
665 1131 784 1215 frigida
797 1131 892 1195 Luna
906 1130 1003 1215 globo
1016 1155 1024 1207 ;

294 1235 430 1299 Caerula
444 1235 618 1299 volvuntur
631 1236 695 1299 iam
709 1257 885 1313 marmora;
902 1233 1047 1297 caerulus
1061 1232 1172 1295 aether

336 1337 486 1422 Desuper
498 1337 608 1400 oceani
621 1336 752 1421 pensilis
765 1337 865 1399 instar
878 1335 987 1399 habet.

295 1438 367 1503 Illic
382 1461 441 1504 ceu
458 1439 568 1502 medio
581 1438 722 1503 lucentia
735 1438 862 1523 gurgite
876 1460 965 1515 saxa,

338 1541 468 1626 Spirant
482 1541 655 1605 indomitas
669 1541 776 1605 vivida
788 1542 879 1625 signa
893 1540 987 1604 faces.

295 1641 325 1705 Ο
341 1643 410 1727 qvis
424 1642 465 1706 ad
479 1642 535 1707 illa
549 1643 659 1707 oculos
673 1643 818 1707 ardentia
830 1643 963 1706 sustulit
976 1641 1063 1717 olim,

337 1746 384 1809 Et
397 1745 522 1831 placide
537 1746 571 1810 in
584 1746 746 1832 propriam
760 1769 794 1809 se
806 1746 967 1810 revocavit
981 1746 1126 1821 humum,

295 1848 366 1912 Nec
379 1848 493 1933 pennis
507 1848 631 1933 aperire
645 1848 712 1912 vias
727 1848 852 1933 optavit
866 1847 1009 1933 Olympi,

338 1950 384 2014 Et
399 1973 504 2016 comes
519 1963 650 2013 aeterno
664 1950 808 2034 fulgidus
823 1974 890 2014 esse
906 1950 1029 2014 choro?

297 2054 448 2138 Aeqvora
462 2055 627 2117 cessabant
641 2064 813 2139 utrumqve
828 2054 968 2118 levantia
980 2054 1060 2119 litus

339 2154 456 2220 Mollia
470 2156 607 2219 caerulei
619 2177 760 2241 puraqve
776 2179 864 2220 more
877 2156 956 2242 poli.

297 2257 444 2322 Candens
455 2258 512 2323 vix
527 2270 644 2323 teretes
659 2259 802 2343 agitabat
816 2283 929 2345 spuma
942 2260 1078 2345 lapillos,

341 2362 411 2425 Nec
425 2363 551 2447 gravior
565 2362 691 2426 modico
706 2362 796 2426 fonte
811 2385 960 2427 susurrus
974 2374 1060 2428 erat:

299 2466 502 2550 Compositae
517 2475 653 2551 carpunt
667 2489 794 2530 somnos
808 2467 844 2530 in
858 2466 1022 2531 fluctubus
1036 2490 1141 2546 aurae,

341 2566 487 2631 Haerent
501 2570 668 2632 arboribus
682 2567 831 2653 langvida
844 2568 934 2653 signa
948 2569 1024 2635 suis.

298 2669 451 2754 Dumqve
466 2671 512 2733 ita
526 2669 698 2756 multiplici
713 2672 1007 2736 circumvolvuntur
1020 2672 1151 2750 amictu,

344 2772 507 2836 Candidus
520 2773 554 2835 in
569 2772 665 2835 lunae
680 2796 800 2836 cornua
814 2774 901 2837 cedit
914 2796 1010 2857 apex.

300 2874 370 2937 Nec
387 2896 466 2958 qvae
480 2872 664 2937 sufficerent
678 2873 796 2937 violare
812 2875 940 2938 silentia
953 2898 1057 2953 voces,

345 2976 523 3041 Custodum
538 2976 600 3039 nisi
615 2998 676 3061 qva
691 2976 781 3059 signa
795 2978 958 3057 darentur,
975 2988 1084 3055 erant3

302 3079 413 3147 Qvave
428 3079 578 3163 freqvens
592 3078 737 3142 hinnitus
750 3080 824 3164 eqvi
838 3089 1001 3143 resonaret
1014 3090 1156 3156 acutum,

344 3180 435 3245 Echo
451 3181 490 3244 de
505 3180 618 3243 mediis
631 3181 795 3245 reiiciente
808 3182 902 3266 iugis.

303 3283 434 3367 Iamqve
449 3283 489 3346 ab
504 3296 641 3367 utroqve
656 3283 735 3347 mari
750 3284 922 3370 strepitant
936 3285 1085 3349 examina
1098 3285 1177 3361 dira,

345 3384 394 3448 Ut
407 3406 539 3448 nemora
553 3385 705 3448 arboreae
721 3408 833 3469 qvassa
846 3409 959 3450 sonore
975 3409 1095 3465 comae,

304 3486 416 3569 Surgit
428 3486 485 3549 ubi
500 3496 595 3570 atqve
611 3509 720 3550 omnes
734 3488 769 3550 in
783 3510 871 3552 sacra
883 3488 1054 3552 novissima
1066 3487 1170 3552 noctis

348 3587 511 3652 Convocat
526 3587 663 3652 altisono
679 3612 805 3653 carmen
820 3590 860 3653 ab
875 3612 931 3654 ore
950 3590 1058 3668 chori;

304 3690 425 3774 Surgit,
442 3700 481 3753 ut
494 3690 598 3754 aeriae
614 3692 772 3775 qvondam
787 3691 815 3756 si
829 3692 946 3757 flebilis
961 3693 1093 3757 umbrae

348 3793 388 3858 In
404 3794 554 3857 desolatis
570 3816 633 3857 vox
648 3794 770 3857 oriatur
784 3795 878 3879 agris,

305 3893 410 3959 Dulce
426 3896 567 3980 qnidam,
582 3896 688 3960 media
705 3907 811 3961 tamen
826 3897 859 3960 in
876 3896 1045 3961 dulcedine
1060 3909 1228 3973 maestum,

351 3996 398 4061 Ut
412 3998 521 4082 chelys
537 4008 570 4061 et
585 3998 697 4082 liqvidi
713 4020 808 4082 qvom
826 3998 930 4062 coiere
944 4000 1024 4076 noti,
