3250 4692
571 414 756 466 SABRINAE
774 413 950 465 COROLLA.

606 630 728 706 Aurea
750 630 786 703 T
779 630 912 706 caludo.

301 799 412 864 Aurea
425 800 566 878 testudo,
582 798 627 863 sic
642 809 674 863 te
691 797 914 883 Thymbraeus
929 795 1061 882 Apollo,

346 902 400 967 Sic
414 913 525 987 tangat
539 903 634 966 docta
649 902 814 987 Calliopea
828 923 936 978 manu,

302 1005 393 1073 Qvae
408 1016 441 1070 te
456 1014 546 1070 tanta
561 1004 658 1068 deum
671 1003 770 1067 finxit
783 1002 948 1067 sollertia?
970 1002 1061 1067 cuius

346 1108 504 1173 Praebuit
517 1106 648 1172 artificis
663 1106 799 1171 dextera
812 1106 877 1171 tale
891 1105 1016 1170 melos?

306 1212 411 1277 Credo
426 1211 585 1297 eqtu'dem,
601 1234 662 1274 nec
675 1233 757 1274 vana
770 1209 860 1289 fides,
878 1209 1022 1274 caelestis
1036 1209 1126 1294 origo

341 1314 403 1378 Est
417 1315 490 1391 tibi,
507 1313 658 1378 caelestes
672 1324 706 1377 te
719 1335 860 1398 genuere
875 1335 998 1378 manus.

304 1414 393 1481 Olim
406 1440 464 1504 per
479 1416 611 1502 Cynthi,
629 1416 763 1481 Phoebo
778 1414 962 1495 comitante,
978 1436 1122 1479 recessus

348 1520 425 1585 Ibat
438 1530 558 1585 venatu
571 1520 656 1584 laeta
670 1519 778 1583 Diana
791 1541 870 1583 suo:

304 1622 380 1687 Ibat
393 1623 549 1687 inauratis
562 1622 715 1687 humeros
729 1630 852 1686 armata
866 1620 1001 1707 sagittis,

348 1724 539 1811 Lunatoqve
554 1747 630 1789 arcu
646 1724 710 1789 tela
722 1733 834 1809 parata
848 1733 949 1789 tenet.

305 1824 383 1891 Non
397 1826 550 1892 Phoebus
564 1828 756 1914 pharetram,
772 1848 839 1891 non
855 1826 1006 1891 Phoebus
1021 1824 1131 1890 flexile
1146 1846 1246 1889 cornu

349 1924 506 2006 Possidet,
522 1936 557 1990 at
569 1947 687 1991 vacuas
700 1934 880 1990 commovet
893 1924 948 1989 ille
962 1946 1095 1989 manus:

305 2025 353 2090 Et
366 2028 509 2092 nondum
525 2028 633 2093 Aonia
646 2027 815 2092 redimitus
830 2038 975 2113 tempora
989 2026 1085 2091 lauru

348 2128 509 2196 Verberat
522 2131 658 2196 intonsis
673 2154 729 2196 ora
740 2154 900 2217 genasqre
916 2130 1025 2196 comis.

305 2230 457 2319 Adspicit
471 2256 544 2299 ecce
557 2232 672 2321 procul
686 2233 868 2298 latitantem
883 2233 981 2297 Delia
994 2254 1135 2311 cervum,

352 2336 512 2422 Adspicit,
528 2348 562 2401 et
575 2337 672 2401 morti
687 2336 827 2401 destinat
840 2335 896 2400 illa
910 2336 1022 2401 ieram.

308 2438 379 2503 Nec
391 2460 491 2518 mora,
507 2451 675 2503 curvatum
689 2461 789 2503 cornu
804 2438 971 2503 contendit
984 2439 1019 2503 in
1033 2438 1161 2516 orbem3

352 2540 475 2625 Dirigit
487 2541 522 2604 in
537 2542 622 2605 cervi
636 2541 760 2626 spicula
773 2552 861 2605 certa
875 2539 970 2606 latus.

310 2642 379 2709 Dat
391 2644 534 2707 sonitum
548 2665 676 2708 nervus.
722 2641 823 2706 Volat
838 2664 877 2707 en
892 2641 996 2707 letalis
1010 2642 1151 2708 arundo:

354 2746 463 2812 Inruit
475 2746 510 2810 in
523 2745 676 2832 praedam
689 2744 774 2809 laeta
788 2744 895 2809 Diana
908 2766 1009 2811 suam.

310 2850 399 2917 Qvid
414 2849 591 2915 Phoebus?
613 2848 710 2913 simul
724 2870 761 2913 ac
774 2848 865 2912 nervi
880 2870 977 2913 sonus
991 2859 1127 2934 occupat
1140 2871 1243 2928 aures,

356 2951 426 3017 Sub
441 2953 575 3016 memori
590 2951 702 3015 sollers
716 2961 847 3038 pectore
861 2960 965 3015 versat
979 2973 1070 3037 opus.

311 3054 442 3120 Gaudia
455 3078 521 3120 non
535 3055 584 3119 illi
598 3055 739 3119 victricis
752 3076 846 3118 saeva
860 3054 986 3133 sororis,

355 3156 471 3222 Gloria
484 3180 550 3222 non
563 3157 613 3222 illi
626 3155 870 3244 sanguinolenta
884 3156 999 3244 placet.

312 3260 340 3325 F
341 3272 443 3325 ormat
458 3284 539 3347 opus
552 3261 658 3326 nervis
673 3283 788 3326 nervos
801 3260 1005 3325 imitantibus
1019 3283 1129 3340 arcus,

357 3362 428 3428 Icta
442 3362 538 3428 docet
552 3373 658 3427 certos
670 3362 807 3427 reddere
822 3362 877 3427 fila
890 3384 1003 3428 sonos:

314 3464 424 3551 Atqve
439 3466 485 3530 ait
499 3467 683 3530 exsultans:
711 3464 813 3530 lactet
829 3465 935 3529 Diana
949 3465 1090 3550 sagittas,

359 3568 522 3653 Armaque
535 3591 602 3632 non
616 3568 712 3632 armis
726 3568 935 3632 anteferenda
948 3568 1038 3633 meis.

317 3667 449 3734 Scilicet
461 3669 523 3735 hoc
537 3670 661 3735 vincam
676 3692 874 3734 summorum
888 3682 1020 3756 pectora
1032 3670 1152 3750 divum,

359 3770 435 3836 Hoc
449 3772 574 3837 vincam
588 3772 742 3858 qvidqvid
755 3794 928 3837 maxumus
942 3773 1028 3837 orbis
1041 3773 1150 3839 habet.

315 3873 430 3940 Aurea
441 3875 582 3955 testudo,
599 3876 645 3940 sic
659 3886 693 3940 te
706 3876 858 3941 formarit
872 3876 1005 3962 Apollo,

362 3976 417 4042 Sic
430 3977 493 4043 tibi
507 3977 652 4042 divinum
666 3978 818 4065 praebuit
831 3978 900 4064 ipse
915 3978 1024 4044 melos.

1146 4080 1175 4139 J.
1189 4080 1223 4138 B.
