3250 4692
558 414 742 463 SABRINAE
760 413 937 463 COROLLA.
1203 414 1251 463 309

441 701 503 777 Ad
516 702 758 777 Alexandrum
781 701 1050 801 Ventriloquum.

291 870 423 936 Crudeli
437 870 578 955 linguam
593 870 792 936 Philomelae
805 870 941 934 vulnere
957 870 1080 933 Tereus

333 973 493 1052 Abstulit,
509 973 678 1037 infandum
692 995 733 1036 ne
749 982 942 1036 memoraret
957 995 1055 1058 opus3

292 1074 391 1156 Talis,
407 1066 604 1153 Alexander,
621 1075 682 1139 tibi
695 1075 743 1138 nil
756 1076 919 1139 nocuisset
934 1086 1066 1158 egestas,

335 1179 400 1246 Qvi
413 1190 516 1264 potes,
532 1178 659 1243 occluso
673 1188 820 1262 gutture,
834 1187 946 1241 ventre
960 1175 1061 1260 loqui.

684 1398 804 1408 ——..

293 1550 418 1617 Ventre
432 1550 513 1615 nihil
527 1550 601 1614 novi
616 1550 783 1636 frugalius,
798 1552 903 1637 inquit
919 1552 1081 1637 Aquinas3

340 1652 430 1717 Huic
443 1676 502 1737 ego
517 1676 583 1717 non
597 1676 726 1739 prorsus
741 1653 891 1719 credulus
906 1665 980 1719 aute
994 1654 1055 1718 fui.

296 1756 395 1821 Nunc
409 1779 474 1820 non
488 1756 615 1821 inficior
630 1757 714 1841 qvod
727 1780 778 1821 res
791 1757 872 1822 mihi
886 1768 964 1821 nota
975 1757 1141 1842 probavit:
1163 1742 1165 1745 ⁸

340 1858 393 1923 En
407 1860 470 1923 sibi
485 1860 537 1944 qvi
551 1859 671 1924 victum
686 1882 752 1923 non
765 1860 828 1924 nisi
841 1870 952 1925 ventre
967 1860 1062 1945 parit

1122 1980 1151 2037 J.
1165 1980 1198 2036 P.

653 2178 857 2186 *-

547 2446 663 2521 Nemo
680 2446 820 2520 hercule
840 2443 969 2518 Nemo.

301 2625 382 2690 Esse
398 2622 525 2708 Aliqvis
539 2643 656 2706 pueros
669 2620 754 2684 inter
766 2620 824 2697 vis,
842 2617 1006 2682 Naevole:
1030 2618 1170 2703 primum

348 2725 535 2792 Contemnis
549 2723 666 2801 libr0s3
690 2721 772 2785 seria
786 2721 878 2784 tarda
891 2742 983 2783 vocas
997 2744 1005 2783 ε

303 2831 356 2895 De
370 2827 539 2911 rhedisque
554 2824 669 2889 dehinc
684 2834 719 2887 et
732 2822 832 2908 eqvis,
849 2843 909 2885 ceu
924 2822 1038 2885 doctus
1052 2844 1157 2905 agaso,

347 2932 399 2996 De
413 2930 546 2994 canibus
559 2926 699 3012 loqveris
714 2923 942 3008 curriculisque
958 2946 1072 3007 sagax:

305 3033 397 3100 Talia
411 3054 537 3117 semper
550 3030 636 3115 agis:
659 3028 716 3093 sed
731 3027 817 3106 talia,
834 3027 868 3091 N
869 3026 988 3106 aevole,
1005 3025 1141 3092 frustra:

348 3134 547 3223 SicJAliqvis
560 3132 620 3197 soli
634 3132 673 3196 fis
688 3131 758 3209 tibi,
776 3129 883 3194 Nemo
900 3129 974 3194 tuis.

303 3545 432 3616 Οἵτινες
448 3544 612 3632 αὐχοῦσιν
628 3538 721 3609 Τινὲς
737 3535 876 3621 ἔμμεναι
892 3530 1031 3600 Οὕτινες
1047 3528 1148 3607 ὄντες,

353 3650 492 3735 ὕστερον
507 3645 552 3717 εἰς
568 3644 685 3724 λώβην
699 3641 828 3710 πάντας
843 3637 918 3720 ἄγει
932 3634 1092 3716 Νέμεσις·

309 3752 389 3820 ἀλλ’
406 3751 507 3818 ὅσσοι
522 3748 615 3819 Τινὲς
630 3747 722 3817 ὄντες
739 3745 868 3812 ἑαυτοῖς
887 3736 1021 3807 Οὔτινές
1036 3734 1132 3814 εἰσιν,

281 3864 286 3869 ’
353 3854 464 3926 Αἰδὼς
479 3852 536 3920 καὶ
549 3853 659 3936 μεῖζον
674 3848 788 3917 ταῖσδε
802 3843 921 3913 δίδωσι
937 3840 1046 3910 κλέος.
1129 3936 1206 3996 CH
