3250 4692
582 441 763 490 SABRINAE
782 440 957 489 COROLLA.

605 707 746 783 Bellum
767 710 937 782 Caeleste.

272 907 429 972 Protenus
443 909 582 974 incestos
597 922 683 974 atrae
699 933 732 974 se
748 910 851 974 noctis
865 910 899 972 in
914 909 1021 974 hostes

272 1009 411 1075 Coniicit
424 1011 524 1076 instar
539 1012 670 1090 babens,
687 1013 972 1096 ardescentumqve
986 1023 1127 1075 rotarum

273 1111 315 1175 Vi
330 1114 439 1178 tremit
454 1137 497 1178 cx
512 1115 584 1179 imis
598 1115 759 1179 radicibus
774 1114 891 1198 ignifer
906 1115 1027 1178 aether.

273 1214 378 1280 Unius
392 1217 578 1282 inconcussa
590 1241 649 1282 suo
664 1228 728 1282 stat
742 1218 857 1282 robore
872 1219 962 1282 sedes

274 1318 349 1402 Ipsa
366 1319 438 1384 Dei.
485 1321 590 1385 Tanto
606 1322 673 1384 ruit
687 1321 797 1407 inpete
812 1332 846 1384 et
859 1320 948 1384 ilicet
962 1321 1086 1384 hostem

274 1421 482 1506 Adsequitur,
499 1423 676 1508 dextraqve
692 1423 835 1486 tonitrua
849 1422 975 1486 vindice
990 1423 1109 1486 circum

275 1523 449 1587 Innumero
464 1524 569 1589 vibrat
583 1546 728 1600 numero,
744 1523 977 1608 praemissaque
993 1524 1058 1587 tela

275 1625 418 1712 Torqvet
431 1649 527 1711 agens
542 1640 616 1690 ante
631 1637 726 1711 atqve
740 1626 847 1710 infigit
860 1627 955 1690 corde
970 1626 1030 1689 sub
1045 1626 1110 1689 alto

277 1729 396 1795 Pestes.
442 1730 595 1794 Adtoniti
608 1740 731 1794 cessant
746 1730 911 1807 obsistere,
927 1741 1028 1792 cessat

276 1833 402 1912 Robur,
419 1844 452 1897 et
467 1856 484 1897 e
500 1834 646 1898 manibus
660 1833 846 1918 procumbit
860 1833 975 1896 inutile
988 1833 1119 1898 ferrum.

278 1936 377 2000 Scuta
391 1958 488 2020 super
501 1935 668 2020 galeasqve
684 1934 779 1999 simul
794 1935 979 2019 galeataqve
994 1958 1106 2018 regum

277 2038 583 2122 Magnanimumqve
599 2038 717 2101 ducum
732 2037 839 2122 pergit
853 2037 957 2121 capita
969 2037 1016 2100 ire
1031 2038 1203 2104 iacentum.

279 2141 382 2207 Qvam
399 2139 519 2204 vellent
533 2140 662 2219 iterum,
681 2140 740 2203 diis
755 2151 900 2203 tutamen
916 2140 956 2203 ab
971 2139 1037 2216 iris,

280 2244 449 2309 Montibus
465 2244 590 2327 urgeri:
615 2243 671 2307 sed
686 2243 846 2327 utrimqve
860 2243 947 2306 haud
962 2243 1064 2306 secius
1078 2255 1173 2326 urget

281 2345 466 2431 Tempestas
481 2345 618 2410 telorum
634 2369 669 2409 ac
684 2345 807 2408 ferreus
822 2345 943 2429 ingruit
955 2346 1067 2410 imber.

282 2447 442 2514 Qvattuor
456 2448 543 2512 hunc
557 2449 679 2512 formae
695 2449 849 2511 emittunt
863 2448 997 2512 totidem
1014 2471 1069 2512 ora
1082 2448 1231 2526 ferentes,

281 2550 434 2635 Qvaeqve
448 2551 514 2614 suis
529 2550 678 2614 distincta
693 2549 805 2627 oculis,
821 2550 1003 2634 pariterque
1017 2563 1160 2614 rotarum

282 2653 464 2718 Innumeris
479 2653 629 2717 distincta
644 2653 745 2717 oculis
760 2653 961 2738 animataqve
975 2654 1085 2717 virtus.

283 2757 348 2820 Sed
363 2767 495 2820 cunctos
509 2779 599 2820 mens
611 2779 675 2820 una
689 2757 782 2842 regit,
800 2757 856 2820 sed
869 2756 992 2820 lumina
1006 2758 1142 2821 flammis

284 2858 417 2944 Singula
431 2859 595 2923 fulmineis
609 2859 754 2938 rutilant,
771 2860 857 2923 unde
873 2859 988 2923 emicat
1002 2861 1085 2943 ignis

283 2962 459 3046 Exitioqve
474 2984 539 3024 uno
554 2961 779 3025 sceleratorum
795 2962 921 3046 agmina
935 2962 1056 3027 miscet.

284 3063 344 3128 Vis
359 3073 474 3126 exusta
486 3063 581 3147 perit,
598 3063 712 3126 solitus
726 3063 817 3147 vigor
832 3087 901 3128 ossa
915 3064 1057 3148 reliquit,

286 3169 446 3251 Spemqve
461 3167 665 3252 animumque
680 3166 776 3230 simul
792 3167 986 3252 disiectaqve
1001 3168 1116 3231 robora
1130 3182 1265 3252 ponunt.

286 3271 351 3334 Sed
365 3292 468 3355 neqve
483 3269 631 3333 dimidias
646 3269 729 3333 vires
744 3280 884 3348 exercet,
901 3281 935 3334 ct
947 3271 1054 3354 ignem

286 3372 395 3456 Lapsu
410 3371 535 3435 inhibet
553 3373 678 3450 medi03
702 3395 805 3457 neqve
821 3373 907 3437 enim
921 3374 1099 3438 rescindere
1114 3375 1154 3438 ad
1170 3397 1280 3452 unum,

287 3476 352 3539 Sed
367 3474 496 3560 penitus
511 3484 581 3540 toto
596 3475 700 3540 voluit
714 3476 893 3540 convellere
910 3477 1007 3541 caelo.

288 3579 347 3643 Ille
362 3579 430 3644 solo
444 3579 531 3642 levat
544 3601 688 3657 eversos3
714 3579 883 3664 qvalesqve
899 3602 1063 3664 caprarum

288 3682 358 3746 Aut
373 3681 481 3745 ovium
496 3681 631 3746 inbelles
646 3703 680 3745 se
695 3683 933 3766 conglomerare
948 3692 1088 3744 catervas

287 3783 448 3862 Vidimus,
465 3784 597 3848 adflatos
612 3784 736 3848 tonitru
751 3784 844 3867 fugat
858 3797 932 3847 ante
947 3805 1088 3859 corusco,

290 3886 392 3971 Terga
405 3897 570 3972 premente
586 3899 675 3950 metu
690 3887 845 3971 furiisque
860 3886 1049 3970 seqvacibus
1063 3906 1163 3969 usqve

292 3989 404 4055 Limen
419 3991 460 4054 ad
474 4001 656 4054 extremum
672 3999 705 4052 et
719 3989 904 4074 crystallina
919 3989 1045 4053 moenia
1059 3985 1148 4050 caeli.
