3250 4692
396 444 444 493 322
712 440 895 491 SABRINAE
914 439 1088 489 COROLLA.

442 615 516 683 Qvo
530 638 625 681 sensu
640 617 770 703 rapior?
793 639 873 703 qvae
889 635 939 679 me
954 636 1033 699 vaga
1046 614 1132 679 ludit
1146 614 1251 697 imago
1264 615 1276 675 ί

486 718 605 784 Nescio
620 744 683 807 qvo
698 721 843 807 trepidae
859 720 988 785 turbine
1002 718 1118 783 mentis
1132 740 1218 801 agor.
1262 776 1266 781 .

442 821 533 886 Num
547 845 669 887 memor
682 824 752 909 ipse
766 824 852 887 mei?
873 844 952 887 num
967 821 1101 907 spiritus
1115 820 1174 884 hos
1187 819 1270 904 regit
1284 821 1399 883 artus?

487 924 594 988 Sicine
608 926 784 989 iucundum
800 936 858 1002 est,
875 924 937 1001 dic,
950 946 1021 987 mea
1034 923 1110 1001 vita,
1126 922 1233 987 mori?

443 1023 598 1089 Vanescit
611 1026 727 1090 sensim
742 1026 901 1090 mundus:
926 1048 1008 1089 nova
1022 1025 1174 1110 panditur
1189 1046 1261 1089 ora:

488 1128 558 1192 Iam
572 1129 682 1193 videor
695 1151 799 1193 sacros
812 1150 890 1192 aure
904 1128 1023 1192 bibisse
1038 1127 1168 1191 mod'os:

445 1231 605 1295 Auferor:
630 1231 660 1297 O
675 1254 797 1316 pennas
811 1232 1003 1318 subponite:
1028 1254 1079 1295 me
1092 1231 1172 1294 levis
1187 1252 1264 1294 aura

490 1334 638 1420 Subripit
651 1335 685 1399 in
700 1335 837 1400 celerem
852 1336 922 1421 lege
938 1335 1045 1399 soluts
1058 1333 1180 1419 fugem.

446 1436 543 1501 Nunc
559 1448 615 1501 tua
630 1436 681 1501 dic
695 1438 753 1501 ubi
767 1437 810 1501 sit
825 1438 968 1517 victoria,
984 1437 1076 1500 triste
1093 1435 1295 1521 Sepulcrum,

491 1539 553 1603 Dic
568 1541 625 1604 ubi
639 1563 725 1604 nunc
740 1540 874 1619 stimuli,
891 1539 993 1618 Mors,
1010 1540 1101 1603 dolor
1115 1539 1176 1602 iste
1192 1538 1264 1602 tui?

1028 1656 1066 1716 H.
1083 1658 1111 1717 S.
1127 1658 1165 1715 H.
1180 1657 1227 1735 (ια
1240 1657 1351 1735 Porro.)

706 2053 770 2127 Ex
789 2052 891 2127 Isaia
909 2053 987 2127 xiii.
1007 2011 1107 2129 urb.

490 2218 687 2300 Ὀλολόζετ’·
711 2219 800 2309 ἦμαρ
817 2222 881 2309 γὰρ
897 2220 1004 2292 πέλας
1020 2220 1058 2286 τό
1072 2222 1247 2310 μόρσιμον·

492 2324 623 2411 σκήψει
638 2324 674 2389 δὲ
690 2323 819 2405 θνητοῖς
834 2323 958 2406 θεόθεν,
976 2325 1018 2395 ὡς
1033 2324 1210 2414 διαφθορά.

494 2428 612 2515 τοόγιιρ
628 2429 814 2514 προλείψει
830 2430 897 2499 πᾶς
911 2428 1064 2513 ἀνειμένῃ
1079 2429 1168 2517 χερί,

495 2530 619 2601 κούδεὶς
635 2529 669 2602 bs
683 2532 761 2619 οὐχὶ
776 2529 913 2619 καρδίαν
929 2530 1165 2619 τειγχθήσεται.

492 2634 549 2699 καὶ
564 2632 765 2716 δειμανοῦσι·
789 2634 846 2699 καὶ
862 2638 990 2722 φρενῶν
1004 2634 1196 2721 ἀνθάψεται

493 2738 666 2823 σφάκελος
679 2736 751 2820 μετ’
767 2737 901 2820 άλνγους·
926 2736 982 2803 καὶ
998 2735 1039 2802 δι’
1056 2736 1180 2805 ὠδίνων
1193 2744 1320 2828 πικρῶν

492 2840 689 2930 χωρήσετοί
699 2866 760 2920 τις,
777 2838 892 2927 ὥσπερ
910 2840 943 2906 ἐν
958 2839 1067 2911 τόκοις
1081 2843 1183 2929 λεχώ.

494 2943 550 3009 καὶ
564 2941 630 3026 μὴν
645 2941 728 3030 πρὸς
743 2943 852 3009 ἀλλον
866 2944 973 3013 ἀλλος
989 2944 1252 3027 ἐκπαγλούμενοι

492 3046 684 3134 βλέψουσι,
700 3046 837 3134 λάμψει
853 3045 879 3111 δ’
896 3044 1018 3129 ὄμμαθ’
1033 3048 1075 3117 ὡς
1090 3047 1288 3136 πυρούμενσ,

494 3150 573 3231 ἰδοό,
590 3152 628 3216 τὸ
641 3149 879 3239 μοιρόκραντον
893 3149 981 3239 ἦμαρ
998 3150 1133 3239 ἔρχεται

494 3254 589 3342 χόλῳ
604 3252 781 3340 βαρυνθέν,
797 3253 1012 3337 ἀξυμηνίτους
1026 3253 1124 3321 πνέον

495 3358 624 3445 φόνους·
651 3356 735 3429 Θεὸς
750 3357 816 3444 γὰρ
833 3358 1036 3444 ἐξερημώσει
1052 3384 1088 3423 τε
1103 3363 1174 3441 γῆν,

495 3461 551 3526 καὶ
565 3461 641 3531 τοὺς
656 3458 861 3545 πανούργους
875 3461 976 3544 ιγῆθεν
991 3462 1223 3549 ε’ξοποφθερεῖ.

493 3564 551 3630 ἀπ’
569 3565 708 3652 οὐρανοῦ
722 3562 787 3651 γάρ
802 3564 953 3652 ἀστέρων
969 3564 1125 3652 ὁμήγυρις

495 3667 534 3732 οὐ
547 3666 594 3749 μὴ
608 3666 694 3752 μεθῇ
709 3670 790 3752 φῶς,
808 3666 866 3749 ξὺν
880 3666 908 3731 δ’
924 3668 1203 3755 ἀμσυρωθήσεται

494 3771 641 3858 στείχων
656 3772 690 3837 ἒν
704 3771 900 3837 ἀντολοῖσιν
914 3771 1012 3852 ἡλίου
1027 3770 1147 3843 κύκλος

495 3871 616 3957 σκότῳ,
633 3873 757 3953 σελήνη
773 3869 800 3937 δ’
816 3872 921 3939 οὐκέτ’
937 3874 1111 3962 ἐκλάμψει
1127 3875 1241 3946 σέλας.

1228 4000 1260 4057 Τ.
1277 4000 1305 4058 S.
1320 4001 1353 4057 Ε.
