3250 4692
564 418 748 469 SABRINAE
767 420 942 469 COROLLA.

572 632 669 716 Quid
682 635 728 707 sit
748 632 931 710 Futurum.

422 779 501 845 Vidi
517 780 632 868 (neqve
647 783 734 847 ultra
747 783 871 849 lumina
884 808 1018 871 pergere

424 882 577 949 Humana
590 885 639 950 fas
654 887 714 970 est)
729 886 859 971 fataque
872 889 1020 972 gentium

486 986 645 1051 Promisso
659 989 883 1075 mirandosqve
898 1012 1009 1055 cursus

551 1089 597 1153 Et
611 1090 750 1175 speciem
764 1092 922 1155 venientis
937 1094 1016 1159 aevi.

419 1223 498 1287 Vidi
513 1234 688 1290 scatentem
703 1228 865 1292 mercibus
879 1251 971 1308 oera3

421 1326 499 1392 Non
513 1328 639 1393 usitatis
653 1330 720 1395 vidi
736 1354 796 1416 ego
810 1332 919 1396 linteis

485 1430 616 1517 Puppes
630 1431 779 1517 adurgeri
794 1443 829 1498 ct
842 1434 1010 1519 magistros

550 1535 694 1621 Vespere
708 1560 873 1624 purpureo
886 1539 1041 1602 rubentes

419 1667 555 1733 Deferre
569 1692 666 1753 gazas
681 1670 819 1756 desuper
833 1694 964 1750 aureas3

419 1770 613 1857 Caelumqve
628 1796 696 1836 sese
709 1796 873 1837 murmure
887 1774 1004 1838 bellico

483 1873 621 1938 Miscere
635 1873 811 1961 ferulcsqve
826 1875 892 1939 labi

548 1976 741 2042 Caeruleum
755 2000 814 2062 per
828 1978 921 2041 inane
935 2000 1033 2056 rores,

419 2112 583 2177 Haerente
597 2113 689 2178 classi
703 2114 801 2178 classe
814 2136 874 2199 per
888 2114 1027 2177 aetheris

417 2215 555 2301 Campos
568 2216 727 2280 nitentes:
748 2216 835 2279 uude
850 2216 1036 2300 tepentibus

481 2318 563 2383 Lete
577 2318 763 2383 susurrabat
776 2340 836 2403 per
851 2318 962 2381 orbem

547 2420 747 2485 Fluminibus
761 2419 886 2484 furialis
901 2420 1032 2487 Auster.

418 2554 509 2619 Inter
522 2554 679 2639 procellas
693 2553 831 2619 fulmine
845 2553 966 2618 luridus

418 2656 683 2741 Depraeliantum
697 2655 788 2740 signa
802 2655 982 2720 cohortium

483 2758 678 2823 Volvuntur.
718 2758 766 2822 At
781 2758 911 2821 tandem
926 2757 1078 2821 tubarum

546 2861 624 2926 Vox
640 2860 730 2925 siluit
744 2860 908 2946 lituusque
922 2860 1012 2926 belli.

416 2996 487 3060 lam
502 2996 666 3061 desierunt
676 2996 792 3060 martia
806 2995 942 3081 pandier

416 3099 569 3179 Vexilla;
586 3101 649 3164 iam
664 3123 750 3164 nunc
765 3100 850 3163 sedit
863 3098 1008 3163 amabilis

482 3203 676 3281 Conventus,
693 3225 730 3266 ac
745 3223 914 3267 commune
927 3201 1043 3266 foedus

546 3304 725 3369 Unanimae
740 3304 871 3368 voluere
885 3314 1007 3387 gentes.

997 3406 1036 3462 Η.
1050 3406 1087 3462 Α
1102 3406 1130 3462 J.
1146 3406 1186 3463 M.

638 3534 839 3545 ——-——-

605 3710 717 3786 Calor
733 3711 880 3785 divinus.

326 3878 413 3943 Aere
426 3876 488 3941 sub
502 3874 611 3962 gelido
624 3876 731 3940 nullos
745 3898 818 3941 rosa
831 3874 942 3938 fundit
956 3875 1087 3951 odores;

370 3978 420 4043 Ut
434 3988 466 4043 te
480 3989 565 4043 terra
579 3979 664 4058 beet,
679 3978 746 4043 sole
762 3977 882 4042 calesce
897 3976 971 4042 Dei.
1145 4073 1175 4129 K

764 4098 782 4137 ι,
925 4118 929 4123 ·
1176 4114 1185 4129 ·
