3250 4692
671 437 856 487 SABRINAE
874 438 1049 487 conotus.

485 605 533 669 Ut
546 605 713 669 adsidebat
726 603 882 669 luctubus
897 604 1042 681 ultumis,

485 706 503 771 Ι
504 707 609 771 sucina
624 730 719 792 qvem
733 730 799 769 non
814 707 972 791 partubus
986 706 1110 785 adfuit3

549 808 599 873 Ut
611 809 725 873 fraude
740 809 892 893 prudenti
907 809 1032 893 peritus

614 910 825 976 Dissimulare
840 933 915 975 suos
929 912 1054 976 dolores

486 1116 671 1182 Musssbat:
695 1115 796 1180 Esto:
820 1115 879 1179 lux
894 1116 1056 1179 meadum
1071 1115 1165 1193 valet,

485 1219 644 1285 Deflends
657 1219 800 1304 qvamvis
815 1241 899 1282 mors
913 1219 1006 1303 pueri
1022 1230 1081 1297 est,
1098 1228 1207 1281 tamen

549 1322 637 1387 Cedo
652 1320 812 1385 voluntati
828 1320 966 1386 Iehovae
982 1332 1015 1385 et

615 1423 770 1507 Coniugis
785 1424 819 1487 in
833 1424 955 1508 gremio
971 1425 1139 1509 quiescam.

485 1632 539 1695 Sic
553 1653 612 1717 pro
626 1630 746 1715 pudico
761 1629 905 1693 solicitus
920 1640 992 1693 tnro

485 1733 595 1798 Duxit
609 1756 741 1797 suorum
757 1731 876 1797 oblivis
889 1732 1076 1797 vulnerum:

548 1838 611 1902 Ast
623 1836 680 1900 illa
693 1837 855 1919 suspirans
868 1858 1007 1900 amorem

612 1938 702 2003 Dum
715 1938 841 2016 reticet,
856 1937 972 2001 melius
986 1937 1096 2003 locuta
1109 1950 1167 2003 est.

485 2145 593 2210 Solem
608 2154 677 2209 atra
690 2144 795 2208 nubes
810 2142 975 2207 condidit:
1001 2142 1138 2226 Angliae

484 2249 612 2313 Incerta
624 2248 752 2332 fulgent
766 2248 879 2312 sidera.
926 2246 1110 2331 Pauperum

548 2352 638 2420 Qvee
654 2373 739 2428 cura,
757 2372 837 2435 qvae
852 2348 967 2433 regalis
982 2370 1066 2413 uxor

612 2454 728 2539 Nuper
742 2464 821 2532 eret,
838 2452 1013 2538 populiqve
1028 2462 1140 2530 mater,

482 2662 626 2727 Evanuit
639 2660 709 2725 flos.
757 2660 837 2728 Quis
851 2659 957 2744 pudor
971 2669 1029 2723 eut
1043 2659 1157 2723 modus

483 2766 580 2830 Nune
594 2764 637 2829 sit
652 2762 806 2827 dolendi?
851 2762 1067 2847 Conqveritur
1081 2761 1157 2825 deos

547 2867 638 2930 Gens
652 2876 762 2930 nostre
776 2874 928 2943 mutatos,
944 2864 1097 2949 novisqve

610 2967 738 3031 Damna
752 2967 847 3030 timet
861 2965 1009 3029 nocitura
1022 2965 1123 3031 seclis.

482 3174 548 3239 Sed
562 3171 753 3259 deprecandi
768 3171 795 3234 si
809 3172 902 3234 venia
917 3181 975 3247 est,
991 3168 1095 3234 adhuc

480 3278 655 3362 Adseripte
670 3274 757 3341 caelo
772 3297 863 3339 mens
877 3287 934 3338 tus
949 3274 1085 3359 petriam

546 3379 696 3457 Tutetur,
712 3389 897 3462 evertatqve
911 3387 1017 3462 pestes

609 3484 643 3546 A
657 3480 789 3568 populo.
836 3480 912 3543 Tibi
928 3478 1021 3543 Have
1036 3476 1181 3561 Valeqve

480 3689 611 3754 Flentes
625 3709 812 3774 supremum
828 3685 974 3749 dicimus.
1021 3684 1069 3748 At
1083 3703 1206 3746 memor

483 3792 602 3855 Urnam
614 3790 732 3854 reviset
745 3787 917 3874 posteritas
932 3796 1031 3863 tuem,

545 3892 719 3978 Fletusqve
734 3892 921 3975 votivosqve
936 3900 1051 3953 centus

608 3996 738 4061 Fundet
752 3994 856 4061 adhuc
871 3992 974 4080 pietas
988 4000 1159 4078 superstes.

1210 4092 1249 4149 A.
1261 4092 1294 4149 L.
