3250 4692
568 425 751 475 SABRINAE
769 424 944 474 COROLLA.

622 695 732 768 Mena
738 695 879 792 ferreo.

255 880 339 945 Fons
353 891 386 944 et
400 903 511 946 caussa
524 881 599 959 mei,
617 881 678 959 dic,
694 903 785 944 mens
801 903 883 959 mea,
901 880 978 966 qvid
991 882 1034 945 sit
1048 881 1184 946 amoris:

297 984 357 1050 Ille
373 985 464 1048 Neac
478 1006 570 1048 roseo
584 1006 701 1048 vernus
715 984 750 1047 in
765 1007 820 1048 ore
835 984 940 1062 color3

255 1085 370 1150 Mollia
384 1086 496 1151 curalii
510 1087 671 1150 vincentia
685 1087 774 1150 labra
788 1088 950 1165 ruborem,

298 1188 438 1253 Lumina
452 1189 592 1273 crystalli
608 1189 825 1274 splendidiora
838 1188 919 1253 face.

255 1291 318 1355 Dic
333 1291 429 1356 etiam
446 1291 525 1356 tanti
540 1314 620 1377 qvae
635 1292 677 1356 sit
691 1292 771 1355 mihi
787 1313 897 1355 caussa
912 1291 1048 1356 doloris:

297 1394 393 1458 Mens
407 1394 510 1479 rigida
524 1395 610 1458 saxis
624 1396 750 1458 aemula
765 1394 894 1460 duritie.

255 1495 317 1560 Illa
331 1496 520 1583 pudicitiam
534 1507 691 1561 monstrat
704 1519 777 1560 rosa
790 1519 888 1560 verna
901 1519 1075 1580 genarum3

298 1601 449 1686 Aptaqve
462 1609 538 1664 sunt
552 1601 669 1664 teneris
683 1600 793 1664 mollia
807 1600 905 1663 verba
917 1599 1034 1664 labris:

256 1701 413 1767 Provocat
426 1701 481 1765 ille
496 1702 581 1766 oculi
596 1702 799 1787 crystallinus
812 1703 907 1766 ardor
921 1725 1080 1781 amorem;

299 1804 373 1889 Ipse
389 1804 569 1890 Cupidineo
585 1804 706 1869 scilicet
720 1805 794 1888 igne
810 1805 902 1869 calet.

257 1907 322 1971 Sed
335 1907 426 1985 mihi,
443 1907 595 1992 qvidqvid
609 1907 658 1970 ibi
672 1907 777 1991 pulcri
792 1917 852 1985 est,
867 1907 968 1971 habet
983 1929 1077 1971 omne
1094 1907 1247 1987 dolorem,

300 2010 406 2077 Quom
420 2021 527 2074 taceat
540 2010 658 2074 mentis
673 2033 770 2074 saxea
785 2010 930 2075 durities.

258 2112 324 2176 Cur
338 2113 427 2192 mihi,
444 2136 525 2190 cara,
542 2114 591 2176 tui
606 2123 672 2176 tam
686 2136 782 2177 suave
796 2113 975 2198 loquuntur
990 2112 1094 2192 ocelli,

299 2216 466 2302 Labraqve
481 2216 645 2279 blanditiis
658 2215 764 2301 plena,
779 2238 943 2302 genaeque
959 2216 1077 2295 rubor;

258 2319 327 2384 Nec
341 2331 449 2384 tamen
464 2321 561 2384 estin
576 2329 608 2383 te
623 2320 725 2382 nostri
739 2319 899 2383 medicina
914 2319 1057 2384 doloris?

302 2422 477 2508 Splendida
490 2421 574 2507 proh
588 2421 724 2484 nimium
740 2420 825 2484 dona
838 2444 975 2499 resume,
992 2421 1126 2500 Venus3

259 2525 492 2610 Materiamqve
506 2524 571 2588 mei
584 2523 691 2588 luctus
705 2523 757 2586 vel
771 2523 850 2587 tolle
864 2522 1022 2600 decorem,

300 2628 365 2694 Vel
378 2652 442 2707 cor,
460 2628 551 2714 qvale
565 2649 673 2692 meum
688 2637 747 2706 est,
764 2626 804 2690 da
821 2649 945 2712 qvoqve
960 2626 1025 2691 tale
1041 2626 1144 2692 Nece.

1165 2729 1203 2786 Κ.

660 2945 876 2956 ----......

703 3183 813 3259 Anus·

303 3373 401 3439 Vixit
415 3394 494 3437 anus
509 3369 674 3456 quaedam,
691 3371 744 3435 cui
760 3384 825 3436 tres
840 3370 937 3435 modo
951 3369 1010 3433 filii
1026 3369 1128 3446 fuere,

347 3474 510 3538 Martinus
525 3483 558 3536 et
574 3473 740 3537 Macrinus
755 3486 789 3537 et
803 3474 961 3538 Macerra.

304 3577 466 3642 Martinus
479 3575 577 3661 periit
591 3576 679 3660 turpi
694 3597 798 3654 cruce,
814 3574 979 3640 fluctubus
994 3573 1170 3650 Macrinus,

347 3680 494 3744 Amissus
510 3688 558 3742 est
572 3678 720 3743 Macerra
733 3702 792 3743 nec
806 3690 964 3763 repertus.

306 3783 360 3847 Sic
375 3781 553 3860 abolentur,
570 3805 650 3846 anus
665 3783 719 3868 qvi
733 3793 798 3846 tres
813 3782 911 3846 modo
925 3781 985 3845 filii
999 3781 1102 3860 fuere,

348 3885 510 3950 Martinus
525 3895 558 3949 et
572 3885 738 3950 Macrinus
753 3895 786 3948 et
801 3885 958 3948 Macerra.
