3250 4692
404 1129 564 1204 TRIUM
591 1128 819 1204 VIRORUM
846 1129 1135 1206 PRAEFATIO.

649 1418 854 1426 m

272 1637 377 1703 Qvnrr
403 1634 486 1698 viam
512 1633 647 1718 praeivit
670 1633 718 1696 vir
747 1633 886 1718 eleganti
912 1633 1043 1720 ingenio
1073 1647 1107 1699 et
1130 1635 1274 1702 doctrina

272 1750 431 1819 Henricus
455 1755 575 1839 Drmy,
601 1762 755 1839 sequutus
780 1765 830 1816 est
852 1753 1065 1818 doctissumus
1090 1755 1275 1822 Gulielmus

270 1873 434 1952 Linwood,
468 1895 562 1959 qvorn
593 1872 674 1937 alter
706 1871 892 1936 Arundines
927 1872 1028 1951 Canii,
1060 1895 1173 1939 suaves
1204 1876 1275 1942 illas

270 2001 303 2056 et
316 1991 425 2077 lepore
446 1992 567 2077 plenas,
585 1992 665 2056 alter
685 1993 755 2076 pari
777 1991 932 2056 felicitate
947 1992 1177 2078 Anthologiam
1200 2018 1275 2061 con·

271 2123 396 2176 texeret
418 2111 648 2190 Oxoniensem,
671 2112 805 2176 eandem
827 2112 1005 2177 insistimus
1027 2135 1091 2177 non
1111 2115 1274 2179 aemulan-

272 2242 318 2296 tes
343 2255 402 2296 nos
425 2232 570 2317 quidem:
600 2232 686 2295 inter
710 2231 788 2296 duas
814 2233 899 2296 enirn
930 2233 1163 2298 celeberrumas
1190 2234 1276 2298 orbis

271 2359 425 2414 terrarum
462 2349 652 2413 Academias
689 2373 853 2436 unumqve
890 2351 1020 2416 Ludum
1063 2352 1272 2419 Litterarium

272 2468 442 2532 aemulatio
465 2491 531 2532 esse
553 2478 662 2552 potest
682 2468 788 2534 nulla:
814 2469 880 2547 sed,
898 2492 993 2555 qvom
1014 2470 1165 2536 harumce
1187 2472 1275 2536 litte·

273 2609 377 2651 rarum
391 2588 506 2666 studia,
523 2611 600 2673 qvae
613 2610 759 2652 veremur
776 2611 818 2652 ne
835 2590 869 2652 in
888 2589 956 2654 dies
971 2591 1181 2669 obsolescunt,
1195 2614 1275 2656 non-

274 2706 349 2770 dum
360 2707 489 2792 penitus
505 2707 662 2771 excidisse
676 2707 865 2786 videremus,
877 2708 1079 2772 condendum
1094 2710 1277 2774 censuimus

274 2826 430 2890 eiusmodi
453 2839 707 2904 monumentum,
736 2828 821 2912 qvod
842 2829 978 2912 posteris
1001 2828 1188 2892 hominibus
1211 2840 1274 2894 tra-

275 2945 372 3023 deret,
389 2956 511 3010 veteres
533 2946 603 3010 illas
618 2946 730 3010 Musas
752 2969 788 3010 ac
806 2946 960 3011 Camenas
981 2971 1045 3011 non
1068 2948 1109 3012 ad
1124 2948 1274 3012 Tamesin

275 3043 388 3142 solum,
412 3066 522 3130 sedin
547 3066 699 3130 Sabrinae
723 3049 920 3150 etiam'ripis
948 3065 1118 3151 aliqvando
1142 3065 1276 3151 vestigia

274 3206 425 3268 posursse.

337 3304 470 3368 Etenim
499 3305 562 3368 iam
591 3305 666 3368 anni
696 3314 772 3368 sunt
800 3304 940 3388 amplius
970 3305 1208 3390 quinquaginta,
1235 3331 1277 3371 ex

276 3444 337 3508 qvo
360 3423 482 3510 Regiae
499 3423 634 3489 Scholae
655 3424 835 3509 Salopiensi
850 3421 1031 3509 praefectus
1054 3435 1103 3487 est
1122 3424 1280 3490 Samuelis

277 3541 439 3621 Butlerus‚
466 3543 514 3606 vir
539 3543 626 3606 omni
650 3542 745 3607 laude
774 3542 996 3627 praestantior.
1053 3543 1117 3609 Qvi
1143 3543 1218 3627 qvid
1239 3547 1279 3609 ad

277 3659 398 3726 litteras
420 3662 562 3747 antiquas
585 3661 788 3739 excolendas,
818 3661 894 3745 qvid
917 3661 957 3724 ad
979 3683 1096 3746 pueros
1117 3660 1281 3724 liberalius

277 3784 491 3848 instituendos
520 3782 703 3860 contulerit,
730 3782 836 3846 sciunt
860 3783 987 3866 qvidem
1017 3782 1134 3845 multi:
1166 3779 1282 3862 qvibus

277 3913 384 3966 autem
408 3903 653 3967 difficultatibus
676 3902 860 3967 obluctatus
879 3903 912 3966 id
933 3902 1083 3980 effecerit,
1101 3897 1212 3985 paucis
1233 3897 1282 3959 in-

277 4018 393 4096 notuit,
409 4018 567 4103 plerisque
590 4017 644 4081 vix
668 4028 751 4082 essct
771 4016 933 4080 credibile.
979 4015 1083 4080 Nobis
1102 4012 1205 4096 igitur
1223 4005 1284 4070 hoc
