3250 4692
674 416 858 469 saumana
877 414 1053 467 COROLLA.

601 669 691 745 Foir
708 666 857 743 Fadea’a
870 690 1001 766 grassy
1023 664 1058 737 T
1052 665 1140 740 amb.

405 838 550 907 Candida
563 860 625 923 qva
636 835 731 901 viridi
746 835 865 900 dormit
878 833 938 899 sub
954 834 1092 919 caespite
1107 834 1208 919 virgo,

450 943 552 1027 Saepe
565 949 657 1026 petet
668 948 786 1025 pastor,
802 960 897 1023 saepe
912 936 1021 1023 puella
1035 937 1152 1001 locum.

406 1044 630 1128 Primitiasqve
645 1042 752 1106 ferent
765 1042 851 1118 anni,
867 1063 949 1104 nova
962 1041 1106 1125 germina
1119 1039 1248 1117 florum,

448 1146 578 1229 Verqve
592 1142 785 1208 renascentis
800 1141 953 1227 qvidqvid
968 1142 1074 1205 odoris
1086 1140 1194 1205 habet.

407 1246 484 1313 Non
498 1268 638 1330 unqvam
651 1243 705 1308 hic
718 1243 847 1307 ululans
862 1242 981 1307 errabit
995 1242 1097 1307 larva:
1122 1242 1269 1327 qvietum

451 1347 528 1412 Non
541 1357 616 1432 aget
628 1346 681 1411 hic
695 1346 829 1431 querula
842 1367 919 1409 voce
934 1344 1068 1409 molesta
1081 1368 1194 1409 nemus
1206 1371 1215 1423 ;

408 1451 457 1517 At
471 1461 599 1514 tenerae
613 1459 722 1534 pastor
736 1448 880 1534 captabit
893 1448 990 1511 verba
1001 1447 1139 1531 puellae,

452 1551 543 1618 Qvae
556 1550 647 1614 molli
660 1549 812 1634 langvens
826 1550 900 1634 igne
914 1549 1053 1614 fatetur:
1078 1550 1174 1615 Ama.

408 1652 532 1720 Viserit
545 1652 632 1717 baud
647 1675 787 1738 unqvam
800 1674 916 1737 rugosa
930 1652 1070 1716 venefica
1084 1652 1204 1730 silvam,

453 1754 525 1819 Nec
539 1754 699 1817 lemurum
715 1754 834 1818 ducent
850 1754 975 1838 agmina
988 1766 1083 1817 nocte
1098 1753 1229 1819 choros:

410 1857 476 1921 Sed
489 1866 639 1940 repetent
652 1856 795 1934 herbam,
811 1854 969 1919 silvestria
981 1856 1124 1935 numina,
1141 1856 1316 1943 nymphae,

452 1959 498 2021 Et
513 1958 675 2022 tumulum
689 1968 840 2043 spargent
854 1981 925 2022 rore
940 1958 1063 2021 nitente
1078 1968 1182 2023 tuum.

410 2060 547 2145 Saepius
560 2060 623 2125 buc
637 2062 746 2125 veniet
759 2072 911 2147 vergente
925 2060 1079 2125 rubecula
1093 2062 1237 2142 Phoebo,

455 2163 526 2227 Nec
540 2174 656 2227 renuet
668 2187 798 2249 parvam
811 2187 911 2248 parva
924 2165 1062 2229 volucris
1077 2188 1186 2250 opem;

412 2266 478 2331 Sed
492 2266 575 2330 feret
589 2267 752 2331 albentem
766 2290 913 2331 muscum
928 2269 1085 2353 floresque
1099 2268 1249 2347 revulsos,

456 2368 562 2432 Suave
577 2368 673 2434 decus
687 2392 803 2449 sacrae,
821 2391 883 2455 qva
897 2369 1073 2449 tumularis,
1089 2369 1199 2435 hume.

410 2471 536 2537 Verum
550 2471 608 2535 ubi
621 2472 781 2537 raucisoni
795 2472 907 2556 pluvio
922 2495 995 2537 cum
1010 2473 1140 2537 turbine
1156 2472 1253 2537 Cauri

456 2572 642 2637 Silvestrem
657 2574 780 2657 qvatiet
793 2595 887 2636 saeva
900 2572 1040 2657 procella
1053 2572 1194 2652 domum,

412 2674 484 2739 Aut
498 2674 556 2737 ubi
570 2674 717 2738 venando
731 2696 830 2759 super
844 2675 953 2738 omnia
967 2674 1111 2739 tollimur
1124 2698 1207 2755 arva,

456 2776 505 2840 Te
519 2774 653 2839 memori
667 2774 809 2839 recolent
822 2786 954 2860 pectora
968 2788 1076 2840 nostra
1090 2776 1165 2842 fide.

412 2876 607 2941 Reddiderit
619 2876 722 2940 menti
735 2898 904 2941 nemorum
920 2888 952 2941 te
968 2878 1099 2963 qvisqve
1113 2901 1266 2959 recessus,

457 2978 505 3042 Te
519 2977 669 3042 lacrumis
683 2988 791 3043 noster
804 2978 867 3043 rite
881 2979 1018 3044 sacrabit
1032 3004 1129 3047 amor.

415 3082 551 3165 Semper
563 3082 698 3145 amanda
711 3081 788 3160 tuis,
805 3082 883 3147 dum
898 3082 983 3147 vitae
998 3086 1100 3169 gratia
1113 3098 1222 3165 restat,

459 3184 612 3268 Dumqve
628 3182 732 3248 Dolor
745 3196 893 3271 superest
905 3184 985 3271 ipse,
1002 3184 1149 3266 dolenda,
1165 3188 1245 3253 vale.

890 3303 919 3361 J.
934 3304 973 3362 H.
987 3304 1020 3362 L.
1037 3305 1067 3363 G.
1083 3304 1130 3383 (ee
1145 3306 1319 3387 Comrusro.)

758 3466 1008 3476 -....---...-.-.

789 3580 961 3657 Nemesis.

418 3733 466 3797 Te
481 3733 629 3799 Nemesis
643 3757 817 3821 normaque
832 3751 943 3803 monet
957 3738 1127 3825 frenisque,
1143 3741 1257 3821 viator,

306 3832 313 3845 ‘
417 3834 470 3899 Ne
484 3835 581 3902 facias
596 3840 738 3904 enormia
751 3862 832 3907 neve
849 3841 968 3905 effrene
982 3841 1128 3926 loquaris.

897 3961 944 4019 W.
961 3962 999 4019 H.
1016 3962 1048 4019 T.
1064 3961 1111 4041 (ex
1124 3960 1236 4021 Aratbol.
1255 3963 1324 4042 Gr.)
