3250 4692
523 500 528 507 ,
566 449 750 499 SABRINAE
769 449 945 498 conotus.

387 610 475 695 Ergo
491 612 625 696 qviescit
638 612 771 696 spiritus
786 612 911 696 igneus,

386 713 570 800 Villamqve
585 715 693 780 lentus
708 716 786 779 dum
801 715 944 780 Tamesis
959 714 1055 793 lavat,

456 816 503 881 Te
518 818 624 904 plorat
637 818 813 896 absentem,
830 840 982 902 suamqve

517 919 673 984 Nereides
688 919 849 983 dominam
864 920 1041 1004 reqvirunt.

387 1125 476 1189 Dum
490 1135 527 1188 tu
542 1124 689 1209 sepulcro
702 1125 834 1189 condita
847 1124 979 1188 melleos

388 1228 490 1292 Ducis
504 1250 645 1312 sopores,
663 1250 720 1291 nos
735 1240 792 1291 tua
805 1227 920 1291 funera

452 1332 616 1415 Lugemus
630 1343 668 1395 ut
682 1353 851 1395 commune
866 1331 1000 1407 vulnus;

516 1432 564 1497 Te
579 1434 702 1520 patriae
716 1434 855 1518 gemitus
870 1445 1058 1518 seqvuntur.

386 1640 531 1707 Qvantos
546 1639 672 1703 dolores
686 1639 835 1704 intuleris
850 1640 934 1725 patri

386 1742 467 1809 Qvis
481 1743 591 1807 dicet?
635 1742 743 1807 Orbus
755 1744 909 1827 progenie
923 1765 1023 1807 senex

450 1844 610 1924 Tabeseit,
626 1845 840 1930 heredemqve
855 1846 961 1930 regnis

514 1948 700 2034 Ancipitem
715 1948 834 2012 metuit
848 1948 999 2033 paternis.

385 2151 449 2215 Ast
462 2150 608 2215 audienti
622 2150 700 2215 talia
715 2151 784 2236 qvis
799 2162 886 2230 tuus,

385 2252 532 2317 Infausta
546 2265 660 2331 mater,
676 2275 787 2318 sensus
802 2256 874 2333 erit,
891 2256 971 2320 mari

448 2356 571 2434 Divisa,
589 2377 683 2440 qvam
699 2356 787 2420 falsis
801 2357 946 2441 fugatam

513 2459 711 2523 Criminibus
724 2459 841 2523 mulier
856 2462 963 2544 coegit

385 2662 516 2727 Mutare
531 2675 635 2726 terrae
650 2663 745 2727 litora
759 2662 913 2727 dissitaet

385 2764 472 2829 Hinc
487 2765 517 2828 O
532 2775 680 2851 parentes
695 2764 859 2849 egregium
876 2765 1003 2829 trahant

448 2867 638 2952 Exemplar,
655 2878 689 2932 et
702 2868 794 2932 rixae
808 2868 924 2953 prioris

511 2970 709 3035 inmemores
723 2984 838 3035 coeant
851 2972 886 3035 in
901 2994 1013 3039 unum.

382 3180 510 3244 Ardore
525 3188 658 3245 cernant
671 3188 710 3243 ut
723 3178 807 3243 bene
822 3189 938 3244 mutuo

385 3280 468 3348 Cum
483 3280 619 3365 coniuge
634 3302 720 3344 uxor
733 3279 823 3364 regia
836 3279 974 3345 vixerit:

448 3382 497 3447 Ut
509 3382 628 3466 gaudia
641 3392 675 3445 et
689 3402 781 3446 curas
795 3382 932 3446 vicissim

512 3484 718 3550 Contuierint
731 3507 835 3570 neqve
850 3485 1011 3570 suspicata

381 3686 543 3774 Sponsum
556 3688 623 3767 illa,
639 3711 705 3753 uon
720 3688 801 3753 hanc
817 3688 882 3753 ille.
929 3689 1143 3776 Superstitem

383 3790 513 3855 Partem
527 3791 605 3856 haec
619 3791 750 3876 reliqvit
765 3813 851 3856 nunc
866 3792 991 3856 animae
1005 3792 1148 3873 alteram,

444 3893 492 3957 Et
505 3904 596 3979 parte
611 3893 736 3958 divulsa
750 3894 884 3959 maritus

511 3996 622 4061 Morte
636 4007 724 4061 caret
737 3998 838 4083 magis
852 3998 1034 4064 invidenda.
