3250 4692
591 446 775 496 samum
793 444 969 495 COROLLA.

607 751 699 839 Vale,
718 754 809 839 vole,
827 752 947 847 inqvit.

278 951 318 1017 In
332 974 419 1017 mare
432 950 497 1015 iam
510 960 662 1037 properat
675 950 769 1015 funes
782 972 856 1016 mea
868 951 989 1016 solvere
1003 952 1141 1038 puppis:

321 1055 391 1120 Iam
404 1054 484 1118 levis
497 1055 532 1118 in
546 1053 651 1139 primo
665 1054 760 1118 litore
775 1055 891 1139 cymba
904 1064 1003 1119 natat.

280 1157 346 1221 Sed
360 1180 468 1222 moror
481 1169 521 1222 ut
534 1157 619 1222 binis
633 1157 757 1243 cyathis
772 1157 834 1222 tibi
847 1158 909 1222 rite
922 1158 1102 1244 propinem,

320 1260 430 1346 Atqve
443 1261 573 1340 iterum,
591 1260 681 1326 Bene
695 1270 739 1341 te,
757 1260 893 1326 candide
909 1260 1016 1340 Cotta,
1031 1261 1153 1348 loquar.

279 1447 363 1513 Cum
378 1449 502 1535 gemitu
515 1449 575 1515 hos
589 1450 674 1515 inter
688 1450 803 1516 calices
816 1460 1035 1516 memorantur
1047 1452 1160 1532 amici;

323 1551 406 1616 Cum
419 1552 497 1631 risu,
513 1552 541 1617 si
556 1553 626 1639 qvis
639 1574 698 1617 nos
711 1553 861 1618 inimicus
875 1553 962 1637 agit:

279 1651 327 1717 Et
341 1676 551 1742 quascumque
565 1655 675 1742 plagas
690 1655 767 1721 Iove
781 1655 842 1721 sub
856 1678 1055 1742 quocumque
1069 1657 1196 1738 videbo,

323 1756 511 1825 Qvodlubet
525 1759 566 1823 ad
579 1758 684 1823 fatum
698 1769 805 1823 ments
820 1768 951 1845 paratus
966 1782 1015 1824 eo.

280 1946 351 2012 Nos
365 1946 487 2012 circum
502 1971 640 2014 oceanus
653 1970 770 2013 vesano
784 1949 910 2034 mugiat
923 1960 1025 2030 aestu,

324 2050 437 2115 Securi
452 2050 592 2116 tumidas
605 2052 770 2137 pergimus
783 2051 831 2115 ire
845 2051 930 2115 vias:

279 2151 345 2218 Vel
357 2152 487 2237 cingant
501 2153 628 2219 deserta
641 2152 719 2218 licet
733 2154 794 2219 sub
810 2153 877 2218 sole
891 2153 1082 2241 propinquo,

322 2255 371 2320 At
383 2255 506 2341 gelidos
520 2256 631 2320 latices
646 2257 735 2321 arida
748 2256 865 2343 prodet
877 2256 1005 2324 humus.

281 2442 387 2511 Unica
400 2445 428 2511 si
442 2456 542 2511 staret
556 2445 635 2509 mihi
650 2455 745 2531 gutta
758 2445 793 2510 in
807 2445 899 2509 fonte
912 2446 1029 2531 potito,

323 2548 413 2614 Dum
426 2550 532 2634 gravis
546 2548 745 2635 opprimeret
757 2548 906 2632 langvida
920 2548 1065 2614 membra
1078 2550 1158 2630 sitis,

281 2652 422 2739 Spiritus
436 2661 511 2717 anto
526 2662 634 2717 tamen
647 2652 767 2715 fractos
782 2673 877 2737 qvam
889 2651 1048 2737 linqveret
1061 2663 1159 2732 artus,

324 2754 492 2820 Hausturo
507 2764 660 2819 tremeret
673 2775 791 2818 nomen
804 2752 840 2817 in
854 2775 910 2818 ore
924 2763 1028 2819 tuum.

281 2941 433 3028 Dumqve
448 2942 549 3008 undas
563 2941 719 3021 biberem,
736 2963 797 3005 ceu
810 2962 897 3005 nunc
913 2941 1095 3026 spumantia
1107 2941 1192 3022 vina,

325 3046 397 3112 Hac
412 3069 472 3131 ego
486 3056 645 3111 tentarem
658 3044 727 3110 fata
741 3067 869 3109 movere
882 3067 998 3131 prece:

282 3146 347 3215 Qvi
362 3147 423 3213 tibi
439 3158 515 3212 sunt
529 3148 605 3227 cari,
623 3147 678 3234 qvi
691 3158 769 3212 sunt
783 3146 873 3226 mihi,
888 3168 968 3231 pace
981 3147 1149 3227 fruantur;

323 3250 371 3315 Et
386 3250 477 3316 Bene
491 3250 535 3315 sit
549 3250 640 3315 nullo
655 3272 721 3314 non
735 3249 806 3329 tibi,
825 3249 932 3329 Cotta,
950 3250 1012 3316 die.

1091 3355 1130 3413 H.
1144 3354 1172 3413 J.
1187 3354 1225 3413 H.

685 3477 848 3487 -m

611 3634 805 3707 Fortunati
821 3635 965 3708 Saccus.

322 3811 398 3878 Vin’
414 3812 585 3879 Fortunati
599 3816 708 3881 veniat
722 3816 785 3881 tibi
798 3816 933 3881 saccus?
955 3814 1095 3880 Amato:

369 3914 443 3983 Qvo
456 3917 530 4003 plns
544 3916 690 4002 largitur,
704 3918 779 4006 plus
792 3918 891 3983 habet
905 3940 990 3983 unus
1004 3919 1117 3983 Amor.
1191 4019 1230 4077 K,
