3250 4692
540 449 724 500 SABRINAE
742 450 917 500 COROLLA.
1193 453 1241 502 259

444 909 480 982 T
473 921 642 1008 empestaa
660 909 805 984 Caelum
822 912 1013 984 contraxit.

277 1095 418 1160 Horrida
432 1094 608 1179 pallentem
622 1093 812 1157 contristant
826 1094 944 1178 frigora
957 1094 1075 1171 lucem,

320 1197 496 1281 Flabraqve
512 1219 585 1259 cum
600 1194 717 1280 pluviis
731 1195 910 1281 inreqvieta
923 1196 1001 1261 suis.

278 1298 366 1365 Vitis
381 1321 488 1362 amans
502 1297 613 1361 haeret
627 1319 729 1376 muro,
746 1299 802 1361 sed
817 1297 961 1361 cuilubet
975 1320 1071 1363 aurae

325 1402 392 1466 Dat
405 1400 503 1466 folia:
526 1414 560 1465 et
573 1412 713 1465 maestus
728 1400 785 1465 flet
799 1401 867 1464 sine
882 1401 948 1465 sole
964 1402 1042 1466 dies.

279 1503 326 1567 Et
341 1503 418 1568 mihi
433 1503 608 1589 pallentem
622 1503 812 1567 eontn'stant
823 1503 943 1588 frigora
954 1505 1066 1585 vitam,

324 1605 503 1690 Flabraqve
518 1627 591 1670 cum
606 1605 724 1690 pluviis
738 1605 917 1690 inreqvieta
930 1605 1009 1672 suia.

281 1708 460 1774 Praeterito
478 1731 568 1772 meus
582 1708 693 1772 haeret
707 1731 805 1787 amor,
823 1709 878 1772 sed
894 1731 1035 1795 qvaeqve
1048 1709 1201 1774 iuventae

325 1810 406 1894 Spes
420 1809 523 1896 perit:
549 1820 581 1874 et
595 1810 708 1874 maesti
723 1809 802 1873 flent
815 1810 882 1874 sine
897 1810 964 1874 sole
979 1811 1056 1875 dies.

280 1912 377 1976 Disce
392 1923 497 1976 tacere
513 1922 629 1991 tamen,
647 1935 701 1976 cor
716 1911 834 1990 flebile,
849 1911 942 1976 mitte
957 1913 1100 1998 qverelas
1113 1941 1122 1992 3

326 2015 440 2080 Invida
453 2014 501 2078 sol
515 2013 600 2078 ultra
615 2015 727 2078 nubila
740 2014 829 2078 lucet
842 2015 957 2079 adhuc.

283 2118 359 2182 Sors
373 2128 430 2182 tua
444 2118 621 2182 communis
635 2118 765 2182 mundi:
789 2140 848 2182 sua
862 2119 976 2203 cuiqve
991 2119 1152 2203 procella3

327 2219 451 2304 Cuiqve
466 2242 543 2284 suus
558 2219 717 2304 qvondam
731 2219 789 2284 flet
803 2221 872 2285 sine
886 2220 953 2285 sole
968 2221 1046 2288 dies.

524 2324 526 2328 ’
1148 2325 1187 2382 Κ

667 2901 829 2975 Carolus.

506 3083 540 3147 N
541 3107 576 3148 os
590 3106 649 3169 per
663 3083 739 3162 alta,
755 3105 813 3148 nos
828 3107 887 3169 per
900 3107 983 3163 arva,

508 3185 578 3250 Nos
592 3208 650 3271 per
664 3185 728 3250 alta
744 3186 959 3270 qvaeritemus

508 3287 658 3352 Carolum
675 3287 902 3352 desideratum.

510 3389 625 3454 Carolo
640 3401 716 3453 sunt
730 3389 823 3454 firma
837 3389 926 3454 cordi

510 3493 609 3558 Pocla
624 3493 749 3557 Cereris
765 3504 799 3558 et
813 3492 926 3578 Lyaei,

510 3594 687 3680 Caroloqve
703 3617 783 3680 qvae
799 3594 909 3679 Lyaeo

514 3697 667 3782 Qvaeqve
684 3697 799 3760 Cerere
815 3697 973 3760 firmiora:

512 3798 689 3884 Caroloqve
703 3797 846 3884 nympha
860 3798 956 3877 bella,

512 3901 596 3964 Tota
609 3900 673 3965 mel
688 3923 875 3986 merumqve
889 3912 1008 3967 nectar.
