3250 4692
574 414 758 465 SABRINAE
776 415 951 464 COROLLA
1236 417 1267 464 29

684 683 850 759 Pratum.

307 865 374 934 Ubi
388 869 470 934 clivo
485 881 635 956 superato
649 872 790 958 pecudes
804 870 893 935 sidus
907 892 1002 934 eoum

306 971 412 1036 Vocat
425 973 467 1036 ad
480 971 618 1037 mulctra
632 983 768 1052 coactas,
785 983 820 1038 et
833 974 875 1038 ab
889 973 973 1058 egris
986 972 1083 1039 rediit
1097 974 1156 1038 bos

479 1076 591 1140 Nimio
605 1077 705 1141 lassus
721 1085 845 1155 aratr03

307 1277 385 1345 Mea
397 1280 469 1360 lux,
486 1281 672 1346 conveniam
686 1291 730 1360 te,
747 1279 910 1360 Neobule,
926 1303 1017 1345 meus
1032 1281 1125 1365 ignis,

306 1381 412 1468 Prope
424 1384 529 1447 rivum
545 1393 578 1448 et
592 1406 667 1448 cava
682 1383 791 1461 saltus,
808 1383 867 1447 ubi
881 1383 1015 1448 odorata
1027 1384 1169 1469 refulget

479 1485 602 1550 Pluviis
617 1486 729 1550 betula
742 1486 888 1570 gemmis.

307 1683 422 1772 Neqve
436 1687 532 1767 enim,
549 1689 648 1774 siper
663 1712 780 1775 opacae
796 1689 1065 1754 tenebrosissuma
1079 1689 1176 1754 silvae

307 1788 420 1858 Media
434 1801 528 1855 nocte
542 1814 682 1876 vagarer,
699 1802 806 1856 metus
821 1805 904 1856 esset
918 1792 998 1856 mihi
1013 1793 1140 1857 dulcem

479 1893 657 1979 Repetenti
672 1893 865 1958 Neobulen:

306 2096 414 2163 Etiam
430 2099 457 2163 si
471 2098 663 2184 glomeraret
677 2099 798 2164 rabiem
813 2121 892 2178 nox,
910 2099 1048 2163 etiamsi

309 2200 396 2267 Pede
410 2201 494 2266 fesso
510 2203 696 2280 titubarem,
714 2211 822 2265 tamen
836 2201 971 2266 adsueto
985 2202 1032 2266 ibi
1046 2202 1080 2266 in
1095 2225 1171 2287 agro

482 2305 571 2386 Mea,
587 2329 650 2386 me,
666 2305 738 2385 lux,
754 2306 921 2391 reperires.

310 2512 410 2575 Amat
425 2521 515 2576 ortus
528 2511 700 2576 redeuntes
714 2533 952 2576 nemorosamm
967 2511 1105 2597 agitator

309 2613 521 2699 Caprearum
545 2615 630 2700 petit
643 2626 734 2680 aestu
753 2616 861 2679 medio
874 2615 995 2679 flumen
1011 2627 1045 2681 et
1058 2615 1186 2680 umbrae

483 2717 553 2782 Sibi
567 2719 706 2803 piscator
719 2719 855 2784 amicae:

310 2922 358 2985 At
373 2944 432 3006 ego
449 2923 588 3008 vesperis
601 2922 715 2987 horam
730 2923 933 2987 tenebrosam
946 2923 1125 3000 celebrabo,

310 3021 396 3086 Mihi
412 3046 491 3109 qvae
505 3024 728 3109 langvidulum
744 3047 799 3088 cor
812 3025 980 3104 recreabit,
997 3025 1078 3090 mibi
1093 3047 1172 3110 qvae
1187 3036 1219 3088 te

482 3125 672 3204 Revocabit,
689 3125 851 3191 Neobule.

1128 3241 1162 3298 R.
1178 3243 1211 3299 B.

603 3591 719 3666 Nemo
738 3592 852 3668 Domi
869 3606 932 3667 ert.

312 3775 377 3843 Qvi
391 3775 557 3841 cerebrum
571 3776 690 3863 pulsas,
705 3788 903 3863 venturaqve
917 3775 1051 3861 grandia
1064 3774 1167 3839 credie

357 3877 508 3959 Consilia,
525 3879 565 3944 ab
581 3881 712 3946 tandem
728 3880 856 3945 desine:
880 3902 975 3944 nemo
990 3877 1077 3943 domi
1092 3885 1150 3941 est.

1177 3979 1214 4035 K.
