3250 4692
363 409 413 459 8⁰2
679 404 863 455 SABRINAE
882 404 1057 457 conotus

366 570 529 638 innocuae
543 570 645 651 sedes,
661 582 696 636 et
709 572 808 655 digna
822 571 932 635 labore
948 570 1083 635 decenni

367 674 515 740 Praemia
527 696 593 738 non
608 674 754 740 deerunt.
802 673 862 737 Sin
877 673 928 738 cui
944 674 1010 738 fors
1025 674 1127 738 carior
1141 673 1206 739 illis

368 776 420 841 Sit
433 776 538 861 patria
551 775 834 860 Haemoniumqve
849 774 964 854 solum,
980 798 1107 840 mecum
1120 776 1184 839 ibit
1198 776 1308 840 ovanti

366 880 482 946 Victor
496 880 594 944 classe
607 878 722 945 redux.
768 878 871 942 Trans
885 878 1020 943 flumina
1035 878 1159 963 Gangis
1173 878 1264 943 Eous

366 982 520 1050 Volvitur
534 983 683 1048 Oceanus
698 991 805 1046 totum
820 980 1038 1065 circumvagos
1054 984 1184 1047 orbem:

368 1085 465 1151 Unde
478 1110 537 1172 per
551 1086 720 1151 Australes
733 1095 855 1149 tractus
870 1098 903 1149 et
916 1107 1018 1169 prona
1031 1084 1174 1149 feremur

368 1189 529 1274 Aeqvora,
546 1189 624 1252 dum
638 1188 776 1273 Libyam
789 1196 917 1272 praeter
932 1186 1134 1271 Gaetulaqve
1149 1196 1258 1251 vectus

369 1291 484 1377 Regna
497 1291 559 1355 sub
574 1289 738 1355 Herculeo
751 1289 930 1375 reqviescat
943 1288 1038 1353 litore
1053 1289 1155 1355 miles.

370 1394 438 1459 Cur
450 1394 552 1480 igitur
566 1393 623 1459 tali
636 1416 745 1458 rerum
757 1393 820 1456 sub
835 1392 900 1456 fine
915 1392 1036 1456 timetis

370 1495 467 1562 Ultra
479 1497 564 1561 ferre
578 1498 694 1583 pedem
709 1508 742 1561 et
755 1496 903 1581 propriae
918 1496 1046 1559 virtutis
1062 1505 1192 1580 egentes

369 1598 519 1663 Deficitis
533 1600 673 1685 coepto?
717 1598 805 1666 Qvin
820 1621 948 1663 mecum
963 1598 1124 1684 pergitis?
1167 1597 1266 1662 Absit

370 1700 533 1786 Segnities
546 1701 679 1766 animis:
702 1701 794 1765 vobis
809 1701 874 1765 cito
889 1701 1005 1765 serviat
1019 1701 1123 1766 omnis

370 1804 481 1881 Terra,
497 1804 697 1890 triumphato
711 1802 895 1868 dominetur
910 1803 1047 1869 Graecia
1061 1804 1191 1869 mundo.

370 1908 510 1973 Artibus
523 1907 574 1971 his
587 1907 674 1971 victo
688 1905 812 1970 rediere
828 1905 962 1970 Oriente
977 1906 1108 1991 superbi

370 2009 517 2075 Bacchus
531 2020 565 2075 et
580 2011 721 2075 Alcides.
767 2010 848 2087 Nos,
864 2031 1000 2094 qvorum
1014 2020 1157 2074 avertere
1172 2007 1237 2073 tela

370 2113 405 2178 N
406 2137 448 2178 on
461 2137 558 2193 mare,
574 2137 641 2179 non
654 2124 791 2193 montes,
806 2136 871 2177 non
887 2124 997 2199 septae
1013 2113 1161 2178 cautibus
1176 2134 1272 2189 arces,

370 2216 449 2281 Non
463 2216 572 2301 potuit
584 2216 699 2301 lugens
713 2217 905 2280 exhaustam
920 2216 1033 2281 Media
1045 2216 1177 2302 pubem,

371 2317 449 2383 Non
461 2317 548 2382 ferro
562 2319 752 2405 flammaqvc
767 2320 874 2404 Tyrus
888 2318 1059 2396 succincta,
1075 2340 1179 2403 neqve
1193 2318 1262 2402 ipse

369 2420 505 2486 Viribus
520 2421 691 2487 Herculeis
705 2422 919 2508 neqvidqvam
935 2422 1081 2486 obsessus
1094 2422 1232 2500 Aornos,

371 2522 442 2588 Nos
456 2524 621 2609 fugimus?
642 2548 701 2590 nos
714 2536 804 2610 terga
819 2526 954 2590 damus?
977 2524 1065 2590 Proh
1081 2526 1219 2609 degener
1232 2526 1338 2589 aetas!

371 2625 451 2690 Post
464 2627 586 2691 tanton'
601 2650 639 2691 ea
651 2627 737 2693 fama
750 2627 822 2692 loco
837 2637 932 2713 atqve
945 2627 1082 2692 infracta
1095 2627 1226 2691 recedet

371 2727 513 2793 Gloria?
556 2730 660 2798 Qvam
674 2730 761 2795 bello
775 2730 904 2795 mallem
919 2729 1079 2808 cecidisse,
1095 2730 1280 2815 priusqvam

371 2831 523 2897 Dedecus
537 2830 599 2897 hoc
612 2856 749 2899 nossem.
794 2832 862 2897 Sed
875 2833 903 2897 si
917 2832 1140 2896 communibus
1155 2833 1248 2897 obsto

370 2933 468 3000 Votis
482 2934 569 2999 solus
584 2958 655 3019 ego,
671 2944 706 2999 et
719 2934 811 2999 donis
826 2934 866 2999 de
880 2934 1012 2998 milibus
1026 2956 1128 2998 uuum

372 3035 447 3101 Hoc
461 3036 593 3101 fortuna
606 3049 714 3122 negat,
729 3060 794 3101 non
808 3037 934 3101 ultuma
948 3037 1074 3101 tradere
1087 3060 1180 3121 posse

371 3138 488 3224 Regna
500 3140 561 3203 sub
577 3140 757 3204 Aematbiis
771 3162 898 3224 semper
911 3138 1064 3203 servanda
1079 3139 1214 3219 colonis;

371 3241 431 3307 Nil
443 3265 551 3306 moror
564 3242 698 3307 invitos:
720 3244 784 3307 iam
798 3242 916 3320 vadite,
932 3242 1039 3307 vadite
1055 3242 1163 3307 Graiis

372 3344 504 3430 indigni
517 3346 682 3432 patriaqve
696 3346 768 3425 viri,
784 3346 975 3431 tandemqve
990 3346 1108 3410 reversi

371 3445 491 3525 Dicite,
507 3470 563 3511 vos
576 3447 683 3512 hostes
696 3448 782 3513 inter
794 3471 897 3533 prope
911 3448 1033 3512 flumen
1048 3447 1226 3533 Hydaspen

370 3558 545 3623 Extremos
560 3558 672 3623 mundi
687 3559 872 3644 cupientem
887 3558 1055 3644 exquirere
1069 3559 1150 3622 fines

371 3661 566 3726 Destituisse
581 3662 706 3728 ducem.
752 3662 856 3727 Vobis
871 3662 952 3739 sinc,
967 3662 994 3725 si
1009 3662 1085 3747 qvid
1099 3662 1204 3727 acerbi
1220 3671 1279 3740 est,

372 3764 445 3828 Stat
459 3763 538 3828 mihi
553 3787 639 3829 nunc
653 3764 704 3829 vel
717 3776 821 3829 morte
835 3764 914 3850 pati.
961 3764 997 3828 Si
1011 3764 1176 3843 vincimus,
1192 3764 1275 3828 illud

372 3865 462 3931 Gens
476 3866 581 3930 aliena
595 3867 701 3931 dabit:
724 3890 803 3951 gens
818 3866 940 3931 scilicet
955 3866 1056 3931 altera
1069 3867 1165 3945 victo,

370 3968 449 4035 Non
463 3992 543 4049 mea,
561 3992 654 4055 qvam
668 3970 768 4048 volui,
785 3969 1002 4034 dominabitur
1017 3970 1117 4047 altera
1131 3969 1262 4034 mundo.

1221 4090 1260 4147 Η.
1275 4090 1316 4149 Η.
