3250 4692
563 452 746 502 SABRINAE
765 452 941 502 COROLLA.
1205 453 1253 502 2⁰³

595 907 732 983 Dulces
750 909 914 983 Redime.

295 1091 393 1169 Redi,
406 1091 476 1156 redi
490 1114 594 1172 nunc;
617 1091 763 1156 redditur
777 1091 826 1156 sol
839 1090 996 1156 imbribus
1009 1090 1158 1176 peractis.

297 1194 346 1258 Ut
359 1194 480 1278 lampas
495 1194 624 1279 ignibus
637 1195 728 1258 novis
742 1194 959 1278 redintegrata
972 1193 1096 1277 flagrat,

300 1295 355 1360 Sic
369 1296 529 1382 dissipatis
543 1295 685 1361 nubibus
698 1297 801 1381 fugax
815 1297 900 1361 redit
913 1295 1071 1381 voluptas.

301 1398 359 1476 Ut,
375 1399 461 1462 inter
475 1397 594 1464 imbres
609 1399 663 1484 qvi
678 1398 773 1478 cadit,
789 1422 892 1463 novus
905 1397 1045 1482 resurgit
1058 1419 1161 1461 annus

300 1500 400 1566 Veris
412 1511 546 1566 vocante
561 1501 652 1565 florei
667 1523 792 1580 canore,
809 1501 854 1565 sic
868 1501 938 1564 redi
952 1510 1000 1579 tu,

303 1603 410 1670 Qvem
424 1603 500 1668 mile
515 1605 631 1668 flerant
643 1604 813 1682 lacrumae,
829 1613 1005 1690 vocantque
1020 1603 1097 1667 mile
1110 1602 1246 1688 linguae.

301 1704 399 1785 Redi,
414 1707 483 1771 redi
497 1729 593 1785 nunc,
610 1719 649 1772 ut
662 1707 746 1772 redit
759 1708 808 1772 sol
821 1707 980 1772 imbribus
993 1706 1123 1791 fugatis.

1166 1810 1204 1867 K.

590 2409 704 2483 Musa
721 2423 817 2484 vetat
834 2410 932 2484 mori.

309 2585 388 2649 Ten’
402 2585 480 2650 licet
494 2585 631 2649 aestivae
646 2608 849 2670 componere,
864 2586 941 2663 vita,
958 2585 1046 2649 diei?

351 2688 400 2752 At
413 2697 450 2751 tu
466 2687 620 2773 temperie
636 2688 818 2751 candidiore
832 2689 926 2753 nites.

308 2789 391 2854 Maii
406 2789 539 2853 deliciae
553 2789 647 2852 flores
661 2789 833 2874 rapiuntur
846 2790 887 2854 ab
902 2789 1011 2867 Euris,

351 2892 399 2956 Et
413 2891 515 2977 spatie
529 2891 643 2956 aestati
656 2914 723 2955 sors
738 2891 828 2955 dedit
841 2903 928 2957 arcta
941 2892 1045 2956 nimis.

311 2992 481 3059 Interdum
495 2993 595 3057 nimio
611 2993 708 3058 Titan
721 2994 848 3078 fulgore
863 2993 1001 3072 calescit,

355 3095 486 3160 Aureus
498 3094 662 3160 interdum
678 3096 786 3160 delicit
800 3096 865 3161 oris
878 3097 990 3161 honor.

311 3198 489 3284 Pulcraqve
503 3221 590 3262 nunc
603 3221 712 3263 rerum
726 3199 861 3277 vicibus,
876 3221 962 3263 nunc
977 3198 1106 3264 turbine
1120 3199 1180 3264 feti

355 3300 474 3365 Omnia
488 3311 664 3380 mutantur,
680 3324 750 3381 nec,
766 3303 856 3366 velut
869 3312 954 3381 ante,
970 3301 1109 3387 placent.

311 3403 378 3468 Sed
391 3403 454 3467 tibi
469 3403 555 3489 qvod
568 3403 672 3489 pulcri
688 3415 737 3468 est
750 3403 842 3468 nullo
857 3403 1011 3468 defecerit
1024 3426 1102 3467 aevo
1113 3428 1121 3482 3

353 3505 443 3570 Luce
457 3527 560 3590 neqve
575 3505 703 3570 aestatis
719 3506 893 3571 destituere
907 3517 994 3582 tuae.

312 3607 346 3672 N
347 3630 486 3693 unqvam
500 3630 581 3673 vane
594 3607 660 3672 suis
675 3618 707 3673 te
722 3609 814 3673 Mors
828 3608 1031 3695 adscripserit
1045 3609 1176 3688 umbris,

357 3709 423 3774 Sed
438 3721 515 3774 tuus
529 3720 660 3774 aeterno
675 3712 815 3775 carmine
829 3722 950 3776 crescet
963 3711 1073 3778 honos.

315 3811 404 3876 Dum
419 3812 541 3897 spirant
554 3812 710 3892 homines,
727 3814 812 3878 oculi
828 3815 906 3878 dum
920 3836 1049 3878 cernere
1063 3826 1209 3900 possunt,

358 3913 449 3978 Vivit
465 3925 559 4000 teqve
573 3924 660 3980 vetat
673 3927 782 3980 nostra
797 3916 937 3981 Camena
950 3918 1042 3982 mori.

1179 4021 1216 4077 K.
