3250 4692
553 431 735 482 SABRINAE
754 432 929 482 COROLLA.
1197 434 1243 482 221

654 893 833 979 Osculum.

414 1087 523 1151 Horae
539 1088 608 1151 tun'
622 1109 745 1151 memor
758 1088 856 1166 illius,
872 1087 1010 1168 Neaera,

412 1189 560 1252 Mellitae
574 1189 670 1252 nimis
685 1201 718 1254 et
731 1190 828 1253 nimis
841 1189 975 1274 fugacia,

414 1291 510 1356 Felix
526 1313 621 1376 qvom
634 1291 727 1355 labiis
742 1292 806 1354 tuis
820 1291 953 1371 inhaesi,

412 1392 509 1458 Felix
524 1416 541 1456 e
556 1394 678 1476 gremio
693 1403 751 1457 tuo
765 1393 929 1478 pependi?

414 1528 463 1593 Ut
477 1551 529 1592 me
544 1529 700 1615 sunipuit
714 1529 792 1593 mihi
809 1529 957 1614 Cupido:

415 1629 464 1694 Ut
478 1653 588 1694 sensus
603 1631 729 1695 domuit
745 1640 875 1715 potente
889 1631 997 1714 virga:

412 1732 509 1796 Mens
524 1733 683 1797 transfusa
695 1756 767 1797 mea
781 1734 866 1798 inter
880 1733 1089 1798 osculandum

413 1834 522 1919 Fugit,
536 1857 671 1920 paraqve
687 1835 747 1914 tui,
765 1835 900 1914 Neaera,
916 1835 1001 1899 faeta
1015 1846 1074 1901 eat.

414 1969 507 2034 Unae
520 1970 639 2055 gaudia
653 1981 907 2057 qvantacumqve
920 1972 1018 2050 vitae,

415 2072 540 2136 Phoebi
554 2072 615 2137 lux
630 2073 763 2138 orientis
778 2085 812 2138 et
826 2073 979 2153 cadentis,

415 2173 586 2238 Pratomm
595 2175 734 2257 ¹novitas,
751 2177 998 2255 adnuntiatum,

415 2274 537 2339 Cantus
550 2276 715 2355 lusciniae,
731 2276 832 2340 melos
846 2277 980 2356 Favoni,

415 2407 533 2474 Vernis
546 2409 581 2472 in
595 2409 686 2474 siluis
701 2408 789 2473 chori
797 2407 981 2489 'volucrum,

418 2509 485 2573 Seu
499 2510 577 2594 qvid
590 2509 706 2574 lectius
721 2520 770 2574 eat
782 2511 983 2596 beatiuaqve,

328 2665 329 2668 ,
415 2609 494 2689 Res,
509 2611 665 2696 potentia,
681 2612 776 2690 lama,
793 2621 888 2692 terra,
905 2613 1040 2692 eaelum,

416 2711 476 2776 Nil
489 2713 566 2778 huic
581 2713 688 2778 abluit
702 2713 823 2793 osculo,
840 2714 976 2780 Neaera.
1191 2802 1194 2808 Ι

1149 2819 1187 2877 Κ.

680 3543 808 3644 Aegle.

377 3725 481 3810 Aegle
493 3735 628 3792 venusta
643 3736 692 3791 est
706 3737 740 3792 et
753 3729 879 3814 poetria
892 3739 942 3793 eat
955 3729 1079 3814 Aegle:

377 3828 427 3891 At
439 3828 510 3913 ipsa
521 3851 633 3894 versus
647 3851 713 3895 non
725 3829 815 3910 facit,
830 3831 910 3896 lacit
922 3831 1069 3897 formam.

1057 3966 1139 4026 HJ.
1153 3967 1193 4025 H.
